2114 3642
169 255 269 308 546
635 270 1041 306 (εοΜΜΕΝφΑΒῐυε
1068 267 1138 301 An
1169 266 1272 301 1011.
1303 267 1406 303 1012.
1437 265 1541 301 1018.

168 419 259 448 v101¹
288 400 440 448 τοῦτο
471 397 703 462 προσήκει
735 392 991 453 κολάζειν.
1034 395 1202 456 (Servi
1229 397 1463 462 quidquid
1493 396 1872 455 commiserunt,
1909 412 2012 445 cor-

166 504 286 551 pore
315 487 447 534 luere
477 490 746 547 coguntur,
787 480 1017 543 ingenuis
1058 488 1220 528 autem
1259 482 1352 529 hoc
1380 481 1605 528 ultimum
1632 480 1794 544 puniri
1824 480 2011 538 debet.)

944 619 1043 672 Ad
1073 621 1236 673 1011.

310 735 582 783 Memoratu
610 733 762 796 digna
790 739 928 788 sunt,
972 748 1097 794 quae
1126 732 1175 778 in
1204 729 1425 779 Platonis
1455 731 1658 796 Legib
1676 749 1744 780 us
1779 734 1852 796 (p.
1882 732 2011 790 862)

164 819 463 883 reperimus3
502 823 555 863 ut
582 832 761 880 nempe
790 813 1027 878 quidquid
1056 813 1232 876 aliquis
1260 814 1437 878 injuste
1467 815 1638 862 fecerit
1663 832 1900 879 magnum
1927 833 2013 863 seu

164 917 398 966 parvum,
445 900 524 948 lex
564 916 675 947 eum
716 898 890 946 doceat
928 906 975 945 et
1011 905 1158 960 cogat
1187 898 1385 945 omnino
1415 898 1462 945 in
1491 905 1747 963 posterum
1772 899 1868 947 tale
1899 899 2013 963 quid

163 992 245 1031 aut
273 1001 527 1048 nunquam
556 984 803 1032 volentem
844 983 1005 1030 facere
1046 980 1226 1029 audere
1272 989 1356 1028 aut
1383 998 1618 1046 perquam
1647 982 1800 1029 multo
1830 982 2013 1038 rarius,

161 1077 357 1133 praeter
383 1068 545 1116 damni
575 1067 876 1133 pensionem.
929 1065 1069 1113 Haec
1109 1066 1211 1112 sive
1253 1065 1394 1112 factis
1436 1082 1520 1113 seu
1549 1066 1739 1125 verbiS,
1782 1065 2013 1114 adhibitis

162 1152 239 1200 vel
267 1151 602 1217 voluptatibus
629 1151 707 1198 vel
735 1149 988 1199 doloribus
1018 1149 1095 1196 vel
1124 1148 1403 1212 ignominiis
1432 1157 1478 1195 et
1506 1149 1799 1197 muletarum
1826 1150 2011 1212 irroga-

161 1236 291 1283 tione
318 1235 399 1283 vel
428 1236 575 1283 etiam
604 1233 912 1292 muneribus,
954 1232 1030 1280 vel
1071 1233 1272 1280 omnino
1309 1249 1600 1297 quocunque
1629 1233 1737 1296 quis
1767 1233 1912 1280 modo
1942 1232 2008 1279 ef«-

162 1318 317 1377 ficiet,
370 1326 434 1366 ut
488 1318 637 1366 odio
676 1318 967 1365 habeant
1011 1315 1446 1380 injustitiam,
1501 1316 1710 1380 diligant
1762 1333 1880 1364 vero
1935 1316 2014 1363 vel

161 1400 272 1449 odio
299 1417 400 1450 non
427 1401 642 1449 habeant
662 1402 786 1466 justi
814 1408 1068 1459 naturam,
1098 1400 1260 1464 ipsum
1288 1400 1379 1448 hoc
1407 1417 1585 1448 munus
1614 1408 1685 1448 est
1711 1400 1878 1463 legum
1907 1398 2011 1464 pul-

163 1484 526 1533 cherrimarum.
580 1485 716 1544 Quos
746 1501 863 1532 vero
903 1485 965 1532 in
982 1502 1003 1531 s
1020 1501 1048 1532 a
1065 1501 1096 1531 n
1113 1483 1288 1531 abile
1306 1501 1326 1531 s
1367 1500 1472 1532 esse
1508 1484 1717 1532 senserit
1744 1483 2011 1546 legislator,

159 1567 441 1632 intelligens
483 1568 762 1633 hujusmodi
803 1568 1029 1614 omnibus
1070 1583 1229 1631 neque
1269 1567 1388 1631 ipsis
1428 1567 1640 1632 amplius
1674 1567 1841 1614 vivere
1869 1583 2010 1631 prae-

160 1658 289 1699 stare
319 1660 365 1699 et
393 1651 568 1699 ceteris
608 1651 854 1715 duplicem
896 1667 979 1698 eos
1015 1650 1274 1698 utilitatem
1302 1651 1504 1711 afferre,
1548 1651 1586 1698 si
1615 1651 1716 1698 vita
1745 1649 2009 1705 excedant,

160 1750 268 1781 cum
298 1743 343 1782 et
371 1735 654 1799 exemplum
690 1735 787 1782 sint
827 1733 1054 1797 reliquis,
1096 1749 1157 1780 ne
1198 1733 1378 1797 injuste
1419 1742 1594 1796 agant,
1640 1743 1685 1781 et
1727 1734 1842 1781 viris
1870 1731 2009 1780 malis

161 1834 367 1866 vacuam
395 1819 579 1866 faciant
606 1818 882 1877 civitatem,
923 1819 972 1864 in
1014 1817 1195 1865 talibus
1235 1816 1491 1880 legislator
1529 1816 1755 1865 ultricem
1783 1824 2009 1882 peccato-

161 1917 269 1948 rum
297 1910 506 1949 mortem
535 1902 770 1950 attribuat
797 1908 1019 1966 oportet,
1060 1900 1219 1948 alite
1237 1918 1259 1947 1·
1298 1917 1368 1948 ve
1386 1918 1448 1948 ro
1490 1901 1674 1948 nullo
1713 1918 1806 1947 mo
1824 1899 1852 1946 d
1871 1918 1912 1948 o.

303 1994 375 2042 Cf.
418 1995 551 2044 Car.
592 1995 698 2043 Fri
716 2013 739 2043 e
757 1995 800 2043 d.
844 1995 930 2042 He
950 2011 1032 2042 rm
1051 2011 1079 2041 a
1097 2011 1202 2041 nn:
1245 1993 1412 2042 Ueber
1441 1994 1751 2043 Grundsatze
1780 1994 1880 2042 und
1910 1994 2009 2043 An-

160 2078 410 2142 wendung
438 2078 521 2126 des
551 2078 845 2128 Strafrechts
879 2078 945 2125 im
971 2076 1314 2141 griechischen
1349 2078 1667 2127 Alterthume.
1710 2076 2008 2139 (Gottingae

163 2161 339 2222 1855)

307 2246 402 2290 Πα
419 2264 452 2290 π
469 2263 497 2290 α
516 2263 541 2306 ρ
559 2263 584 2307 ρ
602 2264 671 2311 ny
688 2242 715 2291 ό
732 2263 808 2291 πο
826 2247 897 2290 vit
916 2262 941 2290 ο
959 2264 980 2298 ς
1001 2263 1005 2269 ·
1050 2238 1075 2301 ἦ
1120 2246 1226 2306 περὶ
1269 2243 1443 2302 ποινῆς
1490 2245 1680 2307 θεωρία
1718 2243 1811 2291 τοῦ
1853 2240 2001 2290 Πλά-

163 2345 344 2383 τωνος,
373 2329 422 2375 in
454 2329 779 2393 Ephemeride
810 2327 1028 2388 Graeca,
1059 2345 1182 2392 quae
1209 2328 1492 2376 inscribitur
1523 2324 1798 2391 Πανδώρα.
1829 2327 2006 2388 (Athe-

159 2413 234 2460 nis
267 2412 414 2459 1866.
457 2411 598 2460 Tom:
631 2412 708 2459 16.
751 2428 862 2477 pag.
896 2412 995 2459 476
1025 2420 1072 2459 et
1099 2413 1246 2470 495.)

934 2552 1032 2605 Ad
1057 2554 1234 2605 1⁰12.

302 2661 375 2711 Cf.
404 2662 566 2712 Schol.
605 2664 655 2711 in
694 2665 948 2713 Demosth,
985 2665 1184 2713 Midian.
1224 2664 1338 2719 542,
1368 2664 1461 2725 243
1501 2665 1550 2711 in
1581 2662 1855 2713 Androtion
1887 2662 2002 2719 603,

164 2744 238 2791 17.
281 2745 459 2793 Lexica
489 2746 693 2811 Seguer.
723 2765 769 2812 p.
801 2747 916 2795 198.
967 2746 1162 2813 Sopatr.
1192 2748 1241 2794 in
1270 2746 1595 2809 Hermogenis
1625 2754 1712 2805 art,
1740 2747 1859 2794 rhet.
1892 2745 2004 2793 147.

937 2899 1034 2952 Ad
1059 2901 1233 2952 1018.

304 3005 465 3057 Pridie
495 3026 638 3073 quam
659 3008 964 3074 judicaretur
993 3010 1247 3069 Socrates,
1296 3011 1521 3057 coronari
1562 3008 1769 3071 contigit.
1798 3008 2004 3072 puppim

161 3090 300 3138 navis
329 3091 458 3154 ejus,
496 3111 639 3155 quani
675 3094 996 3141 Athenienses
1025 3093 1288 3156 quotannis
1318 3094 1365 3140 in
1394 3093 1571 3140 Delum
1599 3092 1811 3138 mittunt.
1867 3091 2002 3157 Haec

163 3173 254 3220 fuit
280 3172 362 3220 illa
389 3174 550 3232 navis,
594 3177 640 3222 in
683 3194 777 3239 qua
816 3176 1038 3223 Theseus
1078 3176 1193 3223 olim
1235 3176 1310 3223 bis·
1351 3185 1537 3240 septem
1578 3190 1743 3222 secum
1787 3176 1918 3222 vexit.
1953 3175 2000 3221 in

162 3255 385 3313 Cretam,
427 3256 607 3304 ibidem
648 3260 1001 3317 immolandos,
1043 3259 1352 3322 servavitque
1385 3257 1490 3306 illos
1520 3266 1565 3306 et
1594 3275 1642 3305 se
1675 3258 1847 3322 ipsum,
1902 3257 1999 3305 Vo-

162 3346 332 3387 verant
357 3345 520 3386 autem
553 3340 872 3389 Athenienses
913 3351 1027 3390 tunc
1057 3342 1301 3407 Apollini,
1345 3344 1382 3390 si
1411 3349 1749 3399 servarentur,
1792 3347 1997 3403 quotan-

161 3422 235 3468 nis
260 3422 308 3468 in
335 3421 515 3469 Delum
544 3438 730 3469 sacram
758 3424 1053 3486 legationem
1083 3442 1131 3472 se
1161 3425 1405 3472 missuros.
