2114 3642
484 249 890 282 s'oMMENmntrs
922 250 986 280 Αι)
1016 244 1096 281 612.
1125 248 1204 283 613.
1234 247 1315 283 614.
1344 248 1425 284 615.
1454 248 1536 284 626.
1832 235 1932 285 495

95 375 217 426 adeo
245 395 295 427 se
324 378 476 442 gessit
503 377 821 437 insolentem,
863 384 915 425 ut
953 377 1001 426 in
1045 378 1307 443 conjugale
1348 377 1643 426 domicilium
1672 387 1834 428 scorta
1862 381 1931 429 ina

95 461 319 523 duceret,
350 478 502 526 eoque
530 478 730 510 uxorem
761 460 1005 523 adigeret,
1034 468 1306 509 matronam
1335 462 1539 525 insignis
1567 462 1852 527 pudicitiae,
1882 471 1934 511 ut

94 544 241 593 domo
271 545 430 593 mariti
457 543 686 593 derelicta
713 542 773 591 ad
810 543 1089 591 archontem
1132 552 1358 607 questum
1401 545 1517 605 iret,
1558 544 1698 593 sicuti
1739 545 1816 595 lex
1846 553 1932 594 est.

878 682 976 735 Ad
1017 684 1156 736 612.

235 793 514 860 Hyperides
543 810 632 859 pro
661 793 956 858 Euxenippo
986 793 1042 840 6:
1084 788 1256 854 ἀσεβέἷ
1290 811 1356 847 τις
1384 789 1514 856 παρὰ
1544 789 1604 839 τά
1633 789 1767 856 ἱεροὶ·
1806 811 1934 860 γρα-

94 877 185 935 φαὶ
216 872 447 940 ἀσεβείας
475 877 569 923 εἰσὶ
598 872 719 939 πρὸς
755 872 847 922 τὸν
886 876 1106 938 βασιλέα.
1150 878 1361 942 (Impius
1390 886 1463 926 est
1490 878 1663 942 aliquis
1690 879 1738 927 in
1767 896 1930 941 sacra,

94 960 355 1026 impietatis
382 961 600 1010 actiones
628 976 780 1026 penes
808 977 976 1024 regem
1003 962 1157 1019 sunt.)

235 1054 517 1105 Secundum
556 1055 871 1105 scholiastam
908 1055 957 1102 in
999 1055 1250 1104 Demosth.
1286 1054 1538 1106 Adrotion.
1568 1056 1683 1117 601,
1713 1057 1805 1105 25:
1846 1073 1931 1106 rex

94 1138 438 1188 introducebat
463 1138 728 1205 impietatis
757 1139 976 1186 actiones
1004 1138 1065 1186 ad
1095 1138 1428 1204 Eumolpidas,

235 1221 308 1271 Cf.
338 1222 520 1271 Lexica
546 1221 748 1285 Seguer.
777 1239 823 1286 p.
854 1220 968 1269 219.

240 1316 380 1383 Apud
408 1317 828 1366 Lacedaemonios
856 1317 944 1364 soli
971 1332 1112 1378 reges
1142 1316 1435 1380 judicabant
1461 1316 1521 1364 de
1551 1316 1741 1380 virgine
1769 1323 1928 1383 pater-

94 1418 269 1449 norum
296 1401 514 1449 omnium
540 1402 783 1450 bonorum
810 1399 1016 1461 herede,
1059 1400 1135 1449 cui
1162 1399 1245 1448 illa
1272 1399 1457 1448 nubere
1486 1399 1688 1460 debeat,
1716 1400 1807 1448 nisi
1828 1400 1932 1465 jam

92 1500 121 1531 a
148 1492 286 1549 patre
314 1485 484 1534 fuisset
511 1484 824 1550 desponsata.
867 1484 940 1543 (H
957 1500 980 1531 e
998 1500 1063 1531 ro
1080 1483 1202 1532 dot.
1232 1483 1316 1544 VI,
1347 1483 1426 1545 57,
1458 1484 1534 1544 5.)

876 1623 974 1676 Ad
1014 1624 1154 1676 613.

234 1733 401 1783 Verba
441 1734 656 1782 Pollucis
695 1734 785 1778 καὶ
828 1730 1048 1795 διανέμει
1090 1728 1148 1779 τὸ
1182 1732 1281 1795 μὲν
1321 1729 1591 1790 διαιτηταῖς
1620 1728 1929 1794 παραδιδούς

93 1817 323 1883 expunxi,
351 1817 465 1882 quia
492 1817 659 1865 arbitri
688 1816 871 1882 publici
895 1834 993 1864 non
1017 1815 1307 1882 judicabant
1335 1833 1506 1865 causas
1535 1817 1930 1882 peregrinor-ium

91 1900 239 1962 igitur
265 1900 608 1965 polemarchus
636 1918 734 1949 non
763 1906 958 1966 poterat
984 1900 1091 1947 illas
1119 1899 1312 1948 arbitris
1339 1901 1656 1949 committere.

869 2040 967 2093 Ad
1012 2040 1152 2093 614.

234 2147 377 2215 Apud
404 2148 824 2198 Lacedaemonios
853 2150 912 2198 de
941 2149 1272 2198 contractibus
1302 2148 1486 2216 Ephori
1514 2148 1728 2215 quotidie
1748 2149 1830 2215 jus
1859 2149 1928 2198 di-

91 2231 282 2281 cebant.
312 2233 666 2293 (Plutarch.
695 2249 768 2299 ap
786 2232 1150 2300 ophthegm.
1181 2233 1372 2283 lacon.
1404 2232 1486 2281 Eu
1504 2233 1928 2298 rycratidae.)

873 2373 971 2427 Ad
1011 2375 1150 2428 615.

232 2481 307 2534 Ad
333 2482 582 2532 Demosth.
613 2483 673 2534 Π.
701 2483 751 2533 in
780 2482 1015 2549 Stephan.
1048 2483 1196 2533 1137.
1225 2482 1616 2544 observandum,
1656 2482 1785 2548 quod
1814 2500 1926 2532 con-

89 2574 165 2615 tra
191 2566 456 2616 advocatos
484 2574 601 2615 tunc
629 2566 935 2617 solummodo
976 2567 1122 2616 fuerit
1150 2567 1263 2615 data
1290 2567 1414 2616 actio
1442 2566 1573 2633 apud
1602 2566 1927 2616 Thesmothe-

89 2657 188 2712 tas,
229 2650 268 2698 si
297 2649 599 2716 corruptelae
626 2652 786 2715 gratia
812 2658 1152 2717 acceptassent
1179 2651 1465 2717 pecuniam3
1499 2667 1613 2699 nam
1641 2649 1815 2714 fatigia
1842 2649 1926 2700 ad-

90 2740 377 2783 vocatorum
403 2733 586 2782 licitum
612 2741 716 2783 erat
742 2735 1029 2800 praemiare.

867 2874 965 2927 Ad
994 2874 1146 2927 626.

229 2983 379 3033 Teste
407 2983 797 3048 Harpocratione
827 2984 886 3045 (s.
916 3002 959 3032 v.
992 2978 1365 3046 Παράβυστον)
1394 2981 1727 3032 Undecimviri
1755 2983 1804 3032 in
1833 2985 1923 3034 Pa-

92 3066 290 3131 rabysto
313 3065 616 3131 judicabant.

232 3147 512 3199 Secundum
529 3148 825 3198 Pausaniam
852 3165 968 3198 vero
999 3149 1062 3209 (I,
1081 3148 1163 3208 28,
1181 3148 1240 3208 8)
1267 3147 1316 3196 in
1342 3147 1618 3214 Parabysto
1647 3150 1922 3199 levissimae

90 3248 289 3297 prorsus
316 3249 490 3282 causae
518 3231 958 3295 cognoscebantur.

232 3313 306 3364 Cf.
357 3314 396 3363 O
426 3334 448 3363 r
476 3334 503 3363 o
531 3333 579 3363 m
607 3331 664 3363 et
716 3315 788 3363 De
829 3314 1175 3364 undecimviris
1208 3312 1592 3367 Atheniensium.
1645 3316 1915 3377 (Dusselo-

92 3397 227 3447 dorv.
272 3397 447 3457 1828.)
