2114 3642
415 239 820 273 COMMENTARIUS
849 241 918 272 AD
948 238 1051 291 1901·
1082 239 1187 276 1005.
1217 238 1319 275 1007.
1349 239 1456 278 1008.
1484 238 1588 275 1010.
1821 230 1921 277 545

855 364 953 417 Ad
978 365 1152 418 1001.

218 473 446 524 Aeschin.
486 474 537 521 in
578 472 796 538 Ctesiph.
842 471 884 538 ξ.
914 474 1007 521 34:
1048 467 1074 519 ὁ
1098 473 1196 534 μὲν
1238 477 1516 536 νομοθέτης
1542 472 1735 522 κελεύει
1766 477 1820 521 ἐν
1848 474 1921 538 τῴ

75 551 216 619 δήμῳ
244 559 299 603 ἐν
331 558 507 605 Πυκνὶ
546 554 608 616 τῇ
648 557 894 619 ἐκκλησίᾳ
935 552 1306 619 ἀνακηρύττειν
1343 555 1437 605 τὸν
1474 551 1578 606 ὑπὸ
1618 557 1714 605 τοῦ
1757 556 1920 618 δήμου

77 637 525 702 στεφανούμενον,
580 633 769 686 ἄλλοθι
812 637 860 686 δὲ
897 637 1155 703 μηδαμοῦ.
1211 641 1393 700 (Jubet
1432 643 1710 706 legislator,
1753 649 1804 689 nt
1842 643 1921 706 qui

75 742 104 772 a
129 724 313 790 populo
341 731 627 785 coronetur,
669 724 727 774 de
770 743 826 775 eo
867 725 998 792 apud
1034 724 1271 790 populum
1297 725 1347 772 in
1375 726 1545 790 Pnyce
1574 727 1807 774 concione
1835 725 1920 772 ha-

77 808 180 856 bita
207 807 528 872 praeconium
555 809 664 869 fiat,
708 809 825 858 alibi
852 826 969 858 vero
997 809 1283 873 nusquam.)

222 889 280 939 G.
312 890 371 940 G.
407 886 822 946 Παπαδὸπουλος
851 892 1044 942 doctam
1070 891 1219 939 habet
1246 891 1639 939 dissertationem
1667 891 1726 938 de
1756 892 1921 955 Pnyce

76 973 124 1020 in
161 969 418 1035 Πανδώρᾳ
450 973 752 1025 Atheniensi.
794 975 933 1024 Tom.
967 976 1043 1023 18.
1074 993 1119 1040 p.
1151 974 1265 1022 161.

850 1114 949 1169 Ad
978 1115 1168 1168 1005.

221 1224 450 1274 Aeschin.
478 1226 527 1274 in
555 1225 774 1293 Ctesiph.
805 1223 847 1291 ξ.
879 1227 935 1273 11
962 1246 971 1274 :
1005 1220 1138 1278 Τους
1166 1218 1493 1278 ὑπευθύνους
1514 1221 1583 1286 μή
1614 1222 1919 1284 στεφανοῦν.

78 1308 178 1369 (Ne
208 1309 289 1373 qui
317 1309 531 1358 rationes
559 1310 780 1358 nondum
807 1310 1081 1359 retulerunt
1109 1325 1293 1356 corona
1321 1308 1607 1368 donentur.)

220 1392 472 1441 Demosth.
513 1393 571 1442 de
612 1392 823 1441 Corona.
865 1411 910 1458 p.
941 1392 1069 1440 243:
1115 1389 1230 1438 Τῶν
1267 1386 1441 1453 νόμων
1469 1387 1574 1438 οὐκ
1599 1388 1801 1439 ἐώντων
1827 1388 1921 1438 τὸν

78 1467 382 1522 ὑπεύθυνον
410 1474 715 1535 στεφανοῦν.
773 1476 966 1536 (Quum
1004 1474 1199 1538 legibus
1237 1475 1555 1524 interdictum
1596 1476 1683 1535 sit,
1726 1493 1786 1524 ne
1815 1476 1922 1540 quis

78 1567 190 1607 ante
218 1560 395 1609 relatas
424 1559 639 1609 rationes
666 1559 975 1618 coronetur.)

848 1699 947 1753 Ad
971 1700 1160 1752 1007.

221 1809 379 1859 Schol.
409 1811 458 1857 in
493 1809 796 1876 Aristophan.
830 1811 971 1859 Aves.
1002 1810 1163 1857 1075:
1204 1805 1295 1855 ἐάν
1323 1808 1396 1862 τίς
1432 1826 1546 1854 τινα
1572 1807 1674 1856 τῶν
1700 1812 1804 1863 τοῖς
1830 1827 1921 1856 rrv-

80 1890 283 1958 ράννοις
323 1891 686 1957 προσηκόντων
725 1890 1033 1955 ἀποκτείνῃ,
1079 1889 1336 1939 τάλαντον
1375 1889 1618 1956 λήψεται·
1674 1888 1788 1940 οἷον
1826 1891 1921 1959 γύ-

81 1995 257 2035 ναιον,
299 1973 556 2036 ἀδελφόν,
597 1979 809 2035 τέκνον,
852 1974 971 2032 τούς
1011 1977 1361 2040 συνωμοσίους
1400 1978 1490 2022 καὶ
1533 1973 1922 2039 συμπράξαντας

78 2060 136 2124 τῇ
164 2059 442 2125 τυραννίδι.
497 2063 575 2123 (Si
617 2064 722 2128 quis
762 2064 976 2128 aliquem
1005 2080 1029 2111 e
1057 2070 1379 2129 tyrannorum
1407 2061 1756 2122 familiaribus,
1797 2063 1921 2110 scili-

80 2153 157 2195 cet
181 2163 410 2207 uxorem,
440 2146 664 2207 fratrem,
704 2146 919 2213 prolem,
962 2146 1240 2211 conjuratos
1270 2152 1317 2193 et
1343 2146 1594 2210 adjutores
1622 2144 1920 2208 tyrannidis,

79 2230 340 2289 occiderit,
379 2230 614 2278 talentum
644 2231 893 2295 accipiet.)

223 2313 297 2363 Cf.
337 2313 815 2362 Westermann:
866 2314 942 2362 De
981 2312 1116 2378 publ.
1157 2311 1337 2362 Athen.
1377 2309 1548 2362 honor.
1591 2318 1639 2360 et
1677 2311 1919 2376 praemiis.

83 2396 306 2462 (Lipsiae
338 2396 515 2457 1830.)
849 2464 949 2518 Ad
973 2467 1142 2518 1⁰⁰8

223 2572 505 2623 Secundum
543 2573 802 2622 Platonem
842 2571 910 2633 (L
928 2591 953 2622 e
969 2591 1002 2637 g
1019 2591 1042 2622 e
1060 2592 1082 2622 s
1111 2572 1255 2632 934.)
1289 2589 1320 2637 p
1339 2589 1366 2620 o
1382 2588 1406 2620 e
1420 2588 1453 2620 n
1469 2588 1497 2620 a
1514 2589 1561 2620 n]
1587 2571 1792 2639 quisque
1820 2571 1919 2624 cui-

81 2674 173 2723 que
200 2656 442 2705 maleficio
480 2657 797 2706 correctionis
837 2673 984 2705 causa
1022 2656 1305 2722 adjunctam
1342 2655 1541 2721 insuper
1568 2656 1797 2722 pendito,
1839 2659 1919 2723 qui

80 2739 285 2790 stultitia
310 2739 437 2787 male
467 2739 583 2788 fecit
622 2740 783 2788 aliena
822 2739 1140 2804 persvasione
1177 2744 1383 2804 propter
1412 2738 1833 2802 juventutem‘vel
1860 2743 1920 2790 si·-

80 2825 182 2873 mili
210 2824 269 2872 de
297 2840 443 2871 causa
476 2839 617 2884 usus,
658 2823 1006 2884 leviorem,
1049 2823 1131 2888 qui
1172 2822 1234 2870 ob
1274 2822 1524 2887 propriam
1564 2823 1818 2872 stultitiam
1856 2826 1920 2874 ob

80 2905 511 2973 intemperantiam
550 2905 860 2971 voluptatum
887 2907 966 2956 vel
993 2907 1218 2956 dolorum
1244 2906 1294 2953 in
1321 2905 1663 2954 formidinibus
1689 2907 1919 2971 ignaviae

82 2991 161 3038 vel
203 2990 548 3057 cupiditatibus
586 2990 663 3038 vel
701 2991 896 3040 invidiis
937 2991 1016 3039 vel
1055 3007 1201 3055 aegre
1241 2990 1612 3055 compescendis
1639 2991 1919 3041 iracundiae

82 3074 380 3134 tumoribus,
419 3091 452 3138 g
466 3091 532 3121 ra
546 3073 649 3120 vio
665 3091 687 3122 r
704 3091 727 3122 e
743 3092 805 3122 m.

848 3186 947 3241 Ad
973 3189 1150 3240 1010.

225 3298 477 3348 Demosth.
506 3316 543 3347 c.
571 3297 837 3346 Timocrat.
869 3299 996 3344 752:
1036 3301 1139 3349 τοῖς
1171 3294 1268 3357 μέν
1309 3293 1512 3350 δούλοις
1549 3293 1607 3343 τὸ
1648 3295 1789 3360 σῶμα
1813 3293 1915 3344 τῶν

85 3376 409 3441 ἀδικημάτων
447 3375 687 3426 ἁπάντων
726 3372 1031 3426 ὖπεύθυνὸν
1069 3381 1199 3436 ἐστι,
1238 3384 1342 3433 τοῖς
1377 3376 1420 3424 δ’
1448 3381 1730 3440 ἐλευθέροις
1758 3374 1917 3427 ὕστα-

1583 3460 1635 3500 35
