2115 3668
165 208 228 251 VI

166 343 284 398 sine
326 342 526 416 quibus
568 339 868 396 admodum
921 352 1119 389 manca
1171 331 1313 385 foret
1363 335 1552 384 nostra
1598 330 1740 401 juris
1789 327 1992 385 Graeci

170 438 432 511 cognitio.

307 531 393 586 Ex
424 532 508 585 his
541 532 662 602 jam
702 528 831 583 satis
864 524 1068 588 elucet,
1102 522 1245 593 juris
1293 519 1495 575 Graeci
1538 520 1850 574 doctrinam
1893 540 1993 592 per

169 634 250 680 tot
279 632 539 697 tantaque
583 618 963 688 duodeviginti
1005 618 1117 671 fere
1162 616 1474 671 seculorum
1519 614 1634 669 fata
1672 620 1993 670 constanter

167 721 237 775 ab
269 722 403 793 ipsis
435 718 660 773 Graecis
691 718 968 769 servatam
998 712 1182 766 fuisse.

307 816 437 869 Post
465 816 682 866 renatas
714 809 899 862 literas
929 808 1142 879 primus
1174 806 1278 860 fuit
1319 804 1786 878 Pardulphus
1828 804 1990 859 Pra-

168 911 380 975 teius,
424 908 516 979 qui
560 903 885 977 colligendis
918 901 1192 956 veteribus
1223 899 1443 974 legibus
1473 918 1702 972 operam
1733 900 1887 955 dedit
1909 896 1991 969 3⁷).

303 1001 597 1056 Henrici
642 996 996 1069 Stephani
1039 1003 1093 1050 et
1135 995 1442 1068 Josephi
1479 993 1847 1069 Scaligeri
1877 995 1992 1050 col·

168 1098 424 1154 lectiones
463 1096 651 1167 legum
691 1092 1004 1147 Atticarum
1044 1092 1231 1146 lucem
1272 1109 1563 1164 nunquam
1602 1090 1991 1163 adspexerunt.

302 1191 338 1245 J
356 1210 387 1244 o
406 1208 487 1242 an
504 1209 537 1242 n
558 1208 585 1242 e
602 1207 626 1242 s
659 1187 1018 1242 Meursius
1050 1187 1341 1259 plerasque
1372 1185 1650 1240 Draconis
1681 1191 1736 1239 et
1772 1183 1991 1240 Solonis

162 1288 313 1359 leges
345 1285 560 1339 duobus
603 1282 974 1337 Themidis
1017 1282 1310 1336 Atticae
1353 1280 1507 1335 libris
1540 1280 1990 1352 comprehendit,

162 1382 218 1435 in
249 1379 530 1435 Thesauro
560 1378 971 1452 Antiquitatum
1003 1375 1349 1431 Graecarum
1387 1396 1420 1430 a
1450 1376 1671 1432 <Iacobo
1706 1374 1990 1430 Gronovio

164 1476 337 1530 editis.

304 1568 467 1623 Hunc
496 1571 662 1642 longe
693 1568 978 1641 superavit
1009 1565 1292 1621 Samuel
1333 1567 1643 1633 PetituS,
1688 1563 1989 1620 MDXCIV

165 1662 622 1731 *MDCXLIIL
656 1664 747 1737 qui
777 1664 931 1736 leges
965 1662 1179 1716 Atticas
1212 1662 1466 1734 collegit,
1501 1662 1736 1734 digessit
1766 1667 1820 1715 et
1849 1661 1990 1715 libro

166 1761 559 1814 commentario
604 1759 921 1824 illustravit,
973 1776 1207 1830 quarum
1249 1757 1503 1810 ultimam
1547 1756 1850 1812 editionem
1894 1775 1990 1811 cu-

164 1855 305 1909 ravit
326 1855 516 1909 Petrus
536 1854 944 1926 VVesselingius
968 1851 1231 1925 Lugduni
1254 1851 1598 1906 Batavorum
1624 1849 1988 1906 MDCCXLI.

304 1951 600 2004 Antonii
631 1949 889 2021 Thysii
929 1946 1167 2002 Collatio
1198 1948 1418 2021 Legum
1447 1947 1761 2001 Atticarum
1792 1952 1846 2000 et
1874 1946 1989 2002 Ro-

166 2064 450 2099 manarum
483 2047 562 2113 38),
594 2064 826 2118 quarum
857 2062 1124 2116 magnam
1155 2051 1374 2117 partem
1404 2062 1433 2097 e
1466 2042 1644 2096 Petito
1677 2041 1989 2115 descripsit,

165 2141 477 2213 systematis
507 2141 639 2194 vitio
670 2139 897 2194 laborat.

305 2235 429 2307 Ipse
471 2235 779 2299 Petitus,
833 2253 958 2287 cum
1001 2234 1137 2287 ordo
1168 2234 1359 2308 legum
1394 2232 1614 2289 Solonis
1643 2232 1870 2304 ignotus
1901 2250 1990 2286 es-

167 2337 272 2395 set,
319 2330 665 2401 imperatoris
707 2329 1009 2383 Justi11iani
1064 2331 1301 2403 vestigia
1357 2330 1414 2383 in
1459 2327 1766 2402 digerendo
1818 2327 1992 2382 veteri

157 2426 280 2495 jure
311 2431 361 2479 ct
387 2427 776 2498 componendo
805 2445 950 2479 novo
982 2426 1174 2480 codice
1198 2427 1425 2498 pressit,
1458 2432 1748 2498 tamquam
1767 2425 1863 2496 jus
1886 2422 1989 2477 At-

169 2518 335 2572 ticum
366 2522 587 2575 nonnisi
620 2520 836 2575 Solonis
879 2521 1030 2593 leges
1070 2521 1551 2593 complecteretur.
1608 2519 1660 2573 N
1666 2538 1729 2573 ec
1761 2518 1989 2573 videbat

170 2613 251 2665 vir
282 2614 656 2681 doctissimUS,
702 2615 1017 2687 hujusmodi
1060 2618 1313 2670 ordinem
1351 2636 1379 2670 e
1410 2635 1555 2670 novo
1576 2617 1704 2687 jure
1734 2614 1989 2668 Romano

171 2707 398 2776 petitum
419 2711 558 2776 juris
589 2711 758 2764 Attici
789 2717 1018 2763 naturae
1051 2711 1201 2765 haud
1232 2729 1350 2765 esse
1382 2710 1828 2765 accomodatum.

311 2801 523 2857 Deinde
563 2805 694 2858 satis
736 2811 955 2859 constat
997 2805 1266 2859 editiones
1298 2812 1586 2859 auctorum
1619 2803 1987 2871 Graecorum,

171 2895 369 2967 quibus
401 2896 562 2951 hodic
595 2900 810 2965 utimur,
845 2899 1043 2951 mirum
1076 2905 1343 2970 quantum
1375 2901 1591 2954 differre
1623 2901 1694 2955 ab
1715 2900 1835 2967 illis,
1868 2903 1989 2974 qui-

172 2989 273 3043 bus
306 2991 540 3044 l'ctito
573 2994 646 3045 uti
679 3012 1005 3048 concessum
1048 3000 1190 3059 erat,
1236 2996 1384 3067 quod
1430 2995 1644 3050 eximiis
1675 2997 1807 3050 artis
1839 2995 1988 3050 criti-

172 3103 269 3138 cae
300 3087 682 3158 progressibus
715 3088 994 3143 debemus.

314 3222 387 3277 37)
420 3222 764 3277 Jurisprudentia
785 3231 933 3279 vetus,
967 3227 1056 3267 sivc
1092 3226 1302 3267 Draconis
1337 3235 1379 3269 et
1411 3227 1576 3269 Solonis
1611 3243 1690 3270 nec
1715 3242 1797 3270 non
1822 3206 1991 3270 Romuli*

172 3307 222 3335 ac
245 3291 343 3334 XII.
368 3292 605 3335 tabularum
630 3294 743 3349 leges
766 3295 966 3339 collectae
989 3299 1386 3354 interpretataequc.
1416 3298 1615 3355 Lugduni
1639 3297 1848 3341 MDLIX.

313 3364 385 3421 38)
419 3365 607 3408 Venetiis
630 3365 977 3410 MDCCXXXII
999 3371 1039 3411 in
1062 3369 1213 3413 Jacobi
1235 3369 1436 3412 Gronovii
1459 3371 1692 3414 Thesauro.
