2114 3642
614 223 1019 256 s'osniifinrinus
1051 226 1114 254 An
1145 222 1199 256 22,
1230 221 1285 257 23,
1316 222 1370 256 25
1402 221 1459 254 29.
1856 205 1953 255 421

914 371 1012 423 Ad
1054 373 1158 424 22.

257 486 394 533 Haec
424 484 632 532 instituit
658 483 918 548 Antipater
946 501 1073 532 anno
1108 484 1209 531 323
1238 502 1279 532 a.
1310 485 1397 532 Ch.

257 568 333 616 Cf.
362 566 680 615 Plutarchum
710 566 759 613 in
788 567 889 614 vita
917 568 1179 615 Phocionis
1209 568 1334 613 27--
1353 568 1446 626 29,
1488 566 1569 614 ubi
1597 565 1829 630 legiunls,
1866 584 1955 629 per

112 653 270 714 legem
299 650 546 714 Antipatri
579 649 749 697 12000
777 650 958 698 civium
977 651 1059 715 jus
1088 650 1297 698 civitatis
1338 649 1619 715 perdidisse.
1676 648 1812 697 Idem
1840 647 1953 695 dicit

111 734 360 782 Diodorus
390 732 602 793 (XVIII,
634 732 752 792 18),
794 732 879 780 sed
908 732 1071 781 addit:
1114 734 1312 790 ceteris,
1355 734 1432 797 qui
1463 751 1660 781 censum
1698 731 1953 780 definitum

112 817 387 877 habebant,
430 833 610 864 novem
636 815 850 864 millibus
879 816 1096 877 circiter,
1130 818 1210 881 jus
1240 816 1374 864 urbis
1413 825 1459 864 ct-
1485 816 1698 879 regionis
1727 814 1951 863 obtinen-

111 900 202 949 dae
229 901 459 950 traditum
487 920 617 962 esse,
660 910 706 950 et
743 901 830 951 hos
860 901 1055 950 Solonis
1095 901 1327 967 deinceps
1362 902 1557 966 legibus
1592 900 1949 966 rempublicam

111 983 543 1035 administravisse.

252 1164 354 1213 Lex
392 1164 491 1213 lata
530 1166 619 1213 sub
661 1165 970 1226 Cassandro,
1013 1182 1144 1213 anno
1185 1164 1286 1211 319
1327 1182 1367 1213 a.
1399 1164 1485 1213 Ch.
1540 1164 1682 1212 Tunc
1725 1164 1855 1211 euim
1889 1163 1950 1211 de

109 1264 231 1311 pace
259 1247 386 1297 inter
413 1265 495 1297 eos
522 1256 569 1297 et
595 1248 929 1298 Cassandrum
956 1249 1025 1297 sic
1052 1248 1301 1305 convenit,
1343 1256 1393 1295 ut
1420 1248 1618 1307 urbem,
1649 1264 1847 1310 agrum,
1878 1263 1949 1294 re-

109 1330 258 1391 ditus,
287 1347 460 1391 naves,
490 1339 748 1395 ceteraque
777 1332 941 1380 omnia
969 1332 1236 1379 retinerent
1264 1330 1604 1390 Athenienses,
1634 1329 1952 1394 Munychiam

109 1432 225 1462 vero
267 1413 570 1477 Cassander3
618 1415 896 1480 respublica
935 1415 1130 1464 interim
1169 1414 1596 1464 administraretur
1638 1430 1727 1478 pro
1767 1413 1952 1463 ratione

109 1515 281 1548 census
308 1498 370 1548 ad
397 1498 567 1548 decem
595 1516 748 1563 usque
776 1500 948 1548 minas.

911 1639 1010 1693 Ad
1051 1640 1156 1693 25.

249 1749 508 1814 Lycurgus
548 1750 801 1799 interdixit
829 1750 1086 1816 Spartanis
1127 1766 1333 1815 peregre
1374 1749 1540 1807 abire,
1581 1766 1642 1797 ne
1681 1766 1837 1797 mores
1865 1767 1947 1815 pe-

107 1832 327 1894 regrinos
366 1833 593 1896 vitaeque
634 1832 756 1881 male
797 1833 1066 1882 institutam
1106 1833 1344 1882 rationem
1371 1832 1695 1881 addiscerent.
1750 1833 1948 1887 (Plut-

106 1915 269 1963 arch.
311 1916 637 1964 Instituta
676 1915 906 1965 Lacon.
952 1916 1059 1975 19.)

247 1997 343 2046 Sed
369 2000 614 2047 Isocrates
654 1998 775 2047 haec
814 2000 1093 2064 restringit,
1137 2000 1307 2047 dicens
1349 2000 1414 2059 (B
1432 2000 1632 2047 usiris
1663 1996 1706 2064 ξ
1740 2000 1856 2059 18);
1896 2006 1948 2048 ut

106 2081 308 2131 militum
336 2099 482 2131 nemo
511 2081 615 2130 sine
643 2082 787 2130 venia
813 2083 1191 2147 magistratuum
1220 2099 1426 2148 peregre
1456 2082 1615 2132 abeat.

903 2223 1002 2276 Ad
1042 2225 1146 2277 28.

246 2333 573 2398 Harpocralio
601 2352 636 2382 s.
665 2352 709 2381 v.
740 2330 1062 2395 Προστάτηςε
1103 2333 1307 2385 Athenis
1343 2330 1612 2395 προστάται
1643 2335 1946 2383 vocabantur

103 2416 455 2481 inquilinorum
482 2418 693 2482 patroni.
750 2417 1101 2482 Unusquisque
1141 2419 1269 2466 enim
1298 2417 1560 2482 inquilinus
1589 2417 1850 2466 tenebatur
1878 2416 1942 2463 ci-

104 2519 216 2549 vem
245 2500 492 2564 quendam
520 2500 755 2565 adoptare
784 2502 875 2550 sibi
905 2509 1184 2567 patronum.

246 2594 421 2644 Suidas
462 2598 772 2656 s.v.1¹z÷'pcscv
799 2592 1107 2657 προστάτηνε
1149 2597 1370 2657 Quilibet
1409 2595 1753 2660 inquilinorum
1793 2613 1942 2660 nego-

102 2682 168 2729 tia
195 2697 282 2728 sua
309 2695 398 2743 per
424 2684 687 2743 patronum
715 2679 989 2743 quendam,
1020 2681 1099 2744 qui
1129 2687 1230 2728 erat
1258 2698 1380 2728 unus
1409 2697 1433 2727 e
1462 2679 1677 2739 civibus,
1712 2679 1940 2744 expedie-

103 2764 187 2812 bat
226 2770 273 2810 et
310 2761 549 2809 tributum
588 2762 851 2825 pendebat.
904 2763 967 2811 Et
994 2771 1257 2828 patronum
1284 2762 1463 2811 habere
1506 2763 1681 2810 dicitur
1721 2759 1941 2822 προστά-

102 2864 191 2903 την
227 2847 405 2907 νέμειν.

243 2939 484 2989 Romulus
526 2957 720 3003 quoque
762 2941 1014 2989 constituit
1058 2939 1259 3004 singulis
1298 2941 1513 3004 patriciis
1553 2958 1665 2989 suos
1710 2941 1937 3001 clientes,

94 3026 275 3091 jubens
304 3031 356 3072 ut
382 3022 718 3086 unusquisque
746 3040 770 3071 e
796 3024 1108 3072 multitudine
1151 3023 1361 3087 aliquem
1400 3023 1492 3072 sibi
1533 3024 1735 3088 eligeret
1772 3034 1935 3091 patro-

101 3126 231 3157 num.
272 3106 664 3172 (Dionysius
692 3106 883 3155 Halic
901 3125 1026 3156 arn.
1054 3107 1136 3155 lib.
1165 3109 1226 3156 ΙΙ.
1254 3108 1303 3154 in
1332 3108 1583 3167 Romulo.)

244 3204 448 3253 Patroni
474 3206 540 3253 ita
567 3222 617 3253 se
646 3206 912 3269 parabant,
952 3214 1004 3254 ut
1032 3204 1089 3253 de
1115 3206 1225 3270 jure
1253 3205 1636 3270 responderent,
1677 3214 1824 3270 atque
1852 3207 1934 3257 ad-

104 3287 263 3335 vocati
304 3287 530 3337 adessent
566 3289 616 3336 in
650 3288 835 3349 judicio
874 3289 1179 3353 litigantibus
1220 3289 1542 3355 omnibusque
1570 3292 1619 3339 in
1649 3292 1794 3339 rebus
1823 3307 1933 3339 con-

104 3370 210 3419 silio
238 3387 320 3421 eos
347 3378 396 3421 et
421 3371 582 3422 studio
608 3372 860 3421 foverent:
901 3372 1100 3421 clientes
1140 3372 1250 3422 illos
1278 3373 1493 3423 vicissim
1520 3392 1620 3423 non
1649 3374 1932 3423 honorando
