2114 3642
101 217 203 263 502
662 229 1068 262 soMMExTAssws
1111 227 1165 257 m
1194 226 1276 260 665.
1304 226 1387 259 668.

100 355 332 414 λάξας,
387 355 512 404 ὅταν
567 358 708 414 nelops
760 350 852 399 τὸν
907 351 1232 417 ἐγκαλοῦντα
1292 350 1573 410 ἀποστῆναι
1628 357 1717 400 καὶ
1764 357 1943 415 μηκέτι

99 443 348 506 ἐγκαλεῖν.
417 437 630 501 (Aspas—
681 454 766 485 seu
829 438 1179 485 remittens
1230 437 1445 498 dicitur,
1499 455 1648 501 quum
1701 439 1808 502 quis
1858 437 1942 485 ab·

100 526 260 573 solvat
309 525 522 588 aliquem
571 520 881 581 criminibUS,
933 537 1141 584 quorum
1178 521 1340 585 ipsum
1381 528 1604 578 accusat3
1658 515 1946 575 ἀπαλλάξας

100 626 186 656 5611
231 607 615 668 transigens
660 610 827 651 autem
867 621 1015 667 quum
1056 604 1165 667 quis
1204 604 1502 668 persvadeat
1542 611 1855 652 accusantem
1893 608 1946 650 ut

100 691 324 748 desistat,
364 704 456 735 nec
483 687 695 751 amplius
723 688 963 745 accuset.)

240 782 495 833 Demosth.
522 782 839 830 Nausimach.
870 789 918 830 et
943 782 1211 847 Xenopith.
1241 783 1370 831 984:
1400 779 1701 829 δεδωκότων
1726 780 1830 828 τῶν
1857 778 1947 828 νό-

93 886 207 930 μων
234 862 672 930 παραγράψασθαι
701 866 809 926 περὶ
839 855 912 910 ὧν
939 857 1007 909 ἄν
1041 882 1112 917 τις
1154 860 1299 924 ἀφεὶς
1339 868 1427 911 καὶ
1469 861 1760 922 ἀπαλλάξας
1794 861 1947 910 πάλιν

100 947 376 1006 δικάζηται.
429 949 620 1013 (Leges
661 956 960 1013 potestatem
1001 949 1278 1013 excipiendi
1319 950 1562 998 dederunt
1599 950 1656 998 iis
1692 950 1750 998 (16
1784 950 1945 1009 rebus,

98 1051 219 1098 quae
248 1049 400 1096 quum
426 1032 657 1081 remissae
685 1039 1061 1096 transactaeque
1089 1039 1230 1092 sunt,
1270 1033 1320 1079 in
1340 1032 1582 1097 judicium
1609 1035 1946 1092 revocantur.)

238 1127 399 1176 Ibid.
439 1127 567 1175 989:
608 1127 771 1191 Leges
811 1128 964 1175 semel
1004 1124 1177 1175 iisdem
1217 1127 1276 1175 de
1319 1128 1466 1176 rebus
1506 1146 1614 1176 cum
1655 1128 1830 1176 eodem
1867 1128 1947 1191 agi

94 1212 286 1276 jubent

239 1306 412 1354 Idem
450 1306 584 1354 adv.
625 1306 878 1371 Leptin.
923 1306 1050 1353 502:
1092 1306 1255 1368 Leges
1296 1314 1492 1367 vetant,
1534 1324 1592 1355 ne
1628 1307 1703 1355 bis
1731 1324 1840 1356 cum
1867 1324 1946 1356 eo-

98 1390 211 1439 dem
235 1389 408 1438 iisdem
435 1390 495 1438 de
522 1391 668 1439 rebus
697 1390 776 1438 vel
815 1389 898 1438 lite
941 1390 1020 1437 vel
1060 1389 1335 1437 rationibus
1375 1390 1636 1439 reddendis
1676 1391 1752 1440 vel
1792 1400 1946 1441 certa-

97 1475 230 1522 tione
257 1474 337 1522 vel
363 1474 464 1522 ullo
491 1474 586 1522 alio
614 1474 700 1521 tali
728 1474 877 1522 modo
905 1474 985 1538 agi
1014 1474 1168 1522 liceat.

240 1571 469 1618 Isocra
483 1577 514 1617 t.
556 1570 691 1617 adv.
737 1569 1120 1617 Callimach.
1163 1567 1204 1633 ξ.
1238 1570 1327 1616 11;
1369 1570 1533 1629 Quum
1563 1588 1655 1632 ego
1685 1579 1807 1620 teste
1835 1590 1946 1636 pro-

100 1654 248 1701 ducto
276 1654 521 1701 actionem
550 1653 652 1700 dari
681 1670 823 1716 posse
858 1648 988 1712 (οὐκ
1019 1649 1353 1717 εἰσαγώγψος
1384 1646 1444 1708 ἢν
1471 1646 1493 1709 ἢ
1526 1651 1670 1713 δίκη)
1698 1671 1946 1719 negarem,

100 1735 230 1800 quod
259 1736 517 1784 arbitrium
554 1736 911 1785 intercessisset
951 1732 1172 1796 (διαίτης
1199 1737 1580 1800 γὸγενηχιῶής),
1620 1738 1754 1785 litem
1781 1755 1945 1802 perse-

100 1828 240 1869 cutus
268 1838 370 1869 non
398 1827 485 1868 est.

244 1915 425 1964 Similis
454 1915 678 1980 exceptio
720 1916 885 1964 locum
924 1916 1141 1964 habebat
1169 1916 1314 1964 etiam
1343 1915 1474 1980 apud
1502 1916 1765 1965 Romanos.
1818 1918 1951 1966 Dicit

102 2002 230 2050 enim
271 2000 390 2066 Graj
409 2019 477 2049 us
520 2001 762 2060 (Instit.
806 2000 890 2058 IV,
925 2000 1078 2059 116):
1120 2002 1158 2048 si
1186 2008 1360 2065 paetus
1388 2001 1523 2048 fuero
1551 2008 1738 2060 tecum,
1778 2020 1839 2049 116
1866 2003 1947 2062 1(1,

102 2084 233 2148 quod
261 2084 378 2131 mihi
411 2084 619 2143 debeas',
655 2103 683 2132 a
710 2094 755 2131 te
784 2092 975 2148 petam,
1019 2083 1333 2131 nihilominus
1360 2084 1409 2131 id
1437 2084 1545 2148 ipso
1564 2084 1676 2148 jure
1706 2093 1751 2132 te
1779 2094 1948 2149 petere

102 2185 303 2233 possum
343 2168 458 2214 dare
498 2167 613 2215 mihi
656 2175 913 2231 oportere,
957 2168 1071 2231 quia
1112 2167 1348 2230 obligatio
1386 2176 1534 2231 pacto
1575 2175 1822 2215 convento
1850 2186 1949 2215 non

102 2251 314 2312 tollitur3
353 2250 437 2299 sed
465 2251 654 2315 placet,
695 2250 873 2299 debere
917 2268 994 2298 me
1037 2256 1285 2314 petentem
1325 2267 1414 2314 per
1451 2250 1790 2315 exceptionem
1819 2252 1948 2317 pacti

104 2334 335 2383 conventi
362 2333 545 2398 repelli.

886 2412 984 2465 Ad
1018 2414 1169 2466 668.

249 2536 424 2584 Suidas
452 2554 486 2584 s.
516 2554 562 2584 v.
596 2533 949 2601 llanaynwprjs
989 2537 1231 2600 Exceptio
1269 2544 1367 2595 651,
1409 2553 1520 2583 611111
1547 2537 1653 2599 quis
1681 2539 1948 2597 contendit,

111 2638 237 2679 rem,
267 2620 326 2668 de
354 2638 451 2684 qua
478 2628 551 2668 est
579 2621 937 2679 controversia,
979 2621 1028 2667 in
1049 2620 1292 2684 judicium
1320 2627 1432 2668 ante
1461 2620 1751 2681 adductam,
1781 2624 1946 2685 cogni-

109 2704 386 2767 tionemque
417 2703 476 2751 (16
505 2721 563 2751 ea
588 2704 809 2751 habitam
836 2704 1010 2761 fuisse,
1052 2704 1113 2750 ob
1156 2720 1361 2767 eamque
1391 2720 1586 2751 causam
1616 2703 1777 2752 denuo
1807 2705 1865 2753 de
1894 2724 1951 2754 ea

101 2786 308 2851 judicari
335 2804 435 2834 non
463 2795 715 2852 oportere,
761 2789 846 2836 sed
874 2788 1037 2852 potius
1065 2787 1199 2849 leges
1218 2787 1470 2850 judicibus
1501 2787 1695 2847 recitat,
1737 2803 1861 2852 quae
1890 2789 1948 2837 de.

110 2870 256 2916 rebus
280 2869 453 2918 iisdem
480 2871 676 2934 saepius
696 2871 920 2935 judicare
948 2887 1047 2918 non
1076 2869 1266 2927 sinant,
1306 2888 1453 2934 porro
1489 2887 1596 2918 cum
1624 2871 1777 2918 verba
1807 2872 1948 2930 facit,

103 2951 351 3016 judicibus
392 2953 657 3002 ostendens
698 2955 757 3003 ‹le
797 2953 966 3002 eadem
1000 2953 1333 3001 controversia
1361 2970 1471 3011 eos,
1514 2954 1595 3017 qui
1626 2961 1738 3000 ante
1756 2954 1949 3017 judica-

111 3036 209 3083 rint
228 3070 240 3091 ,
281 3041 326 3079 61
358 3034 487 3096 juste
517 3044 563 3083 et
599 3037 868 3084 secundum
893 3037 1028 3099 leges
1054 3036 1350 3084 sententiam
1377 3036 1558 3084 tulisse.
1612 3036 1720 3084 Hoc
1747 3046 1951 3085 vocatur

112 3117 362 3182 Exceptio.
414 3118 468 3164 Id
507 3120 683 3168 dicitur
722 3122 868 3169 etiam
909 3122 957 3168 111
987 3138 1160 3177 causa,
1202 3121 1260 3168 de
1289 3139 1385 3185 qua
1413 3121 1603 3181 legibus
1632 3120 1750 3167 1111111
1779 3120 1949 3169 defini-
2001 3132 2006 3137 ’

113 3209 219 3249 tum
245 3206 343 3259 est,
384 3217 624 3265 quamque
665 3222 810 3253 nemo
845 3205 892 3251 in
924 3204 1167 3268 judicium
1196 3204 1495 3263 introducat,
1541 3211 1592 3251 ut
1625 3211 1810 3251 ceteras
1839 3221 1949 3251 cau—

114 3301 205 3331 sas.
257 3281 461 3330 Ceterae
502 3285 631 3332 6111111
669 3304 846 3335 causae
886 3288 984 3334 suis
1023 3303 1244 3351 quaeque
1285 3295 1397 3334 sunt
1435 3287 1805 3349 magistratibus
1832 3287 1949 3335 assi-

114 3371 321 3429 gnatae,
363 3365 443 3427 qui
485 3382 564 3412 eas
606 3367 653 3412 in
683 3368 920 3429 judicium
962 3368 1292 3417 introducant.
1346 3369 1650 3434 Exceptione
1685 3369 1833 3431 igitur
1856 3369 1950 3416 illis
