2161 3673
227 216 292 263 64
953 225 1031 257 ms
1058 220 1332 254 PUBLICUM.

1079 347 1193 394 245.

366 450 494 499 Viris
522 449 723 514 triginta
749 443 1078 494 committatur
1104 439 1392 505 respublica.

366 645 512 696 Μετά
551 643 642 702 τὴν
678 639 958 689 κατάλυσιν
994 638 1098 686 τῶν
1122 636 1402 702 τριάκοντα
1420 636 1833 699 χειροτονεῖσθαι
1860 627 2047 695 ἄνδρας

227 731 373 781 δέκα·
414 732 500 777 καὶ
528 727 798 773 καλεῖσθαι
836 719 1035 770 τούτων
1069 725 1289 769 ἕκαστον
1313 717 1416 767 τῶν
1442 714 1711 782 ἀρχόντων
1737 713 2046 776 δεκαδῦχον.

844 806 1221 871 (Harpocratim
1263 801 1384 851 δέκα
1410 804 1500 849 καὶ
1528 797 1906 862 δεκαδοῦχος.).

1076 913 1191 962 246.

363 1013 480 1062 Post
517 1012 807 1074 abrogatum
847 1008 960 1056 viris
995 1006 1197 1071 triginta
1222 1005 1484 1071 imperium
1522 1004 1765 1068 eligantur
1803 1001 2050 1066 suffragiis

226 1098 313 1145 viri
341 1096 536 1155 decem3
575 1101 624 1142 et
649 1093 823 1142 horum
849 1090 1226 1153 magistratuum
1252 1088 1456 1153 quisque
1485 1082 1803 1145 δεκαδοῦχος
1831 1091 2047 1134 vocatur.

1073 1197 1188 1244 247.

354 1291 593 1343 “Ελέσθ·αι
633 1289 817 1355 ἅνδρος
856 1290 1045 1340 εἴκοσι·
1097 1289 1310 1344 τούτους
1350 1287 1400 1337 δὲ
1440 1290 1783 1352 ἐπιμελεῖσθαι
1821 1285 1906 1344 τῆς
1946 1283 2044 1333 πό-

222 1384 366 1436 λεως,
406 1382 492 1433 ἕως
532 1373 602 1425 ἄν
641 1378 687 1424 οἱ
725 1373 874 1438 νόμοι
911 1377 1117 1423 τεθεῖεν.
1175 1376 1302 1427 Τέως
1340 1370 1390 1420 δὲ
1419 1371 1650 1436 χρῆσθαι
1675 1376 1779 1426 τοῖς
1806 1367 2047 1424 Σόλωνος

222 1461 395 1525 νόμοις
421 1462 512 1507 καὶ
539 1465 642 1514 τοῖς
669 1456 962 1521 Δράκοντος
992 1460 1212 1519 θεσμοῖς.

1103 1539 1367 1602 (Andocid.
1396 1539 1457 1589 de
1483 1547 1680 1605 myster.
1709 1535 1754 1603 ξ.
1782 1538 1906 1598 81.)

1080 1648 1195 1696 247.

364 1746 603 1797 Creontur
630 1745 923 1809 vigintiviri,
965 1743 1045 1808 qui
1074 1742 1258 1792 civitati
1284 1741 1530 1807 praesint,
1573 1740 1730 1791 donec
1756 1740 1893 1805 leges
1919 1740 2048 1789 latae

223 1833 428 1893 fuerint3
466 1829 661 1879 interim
699 1845 817 1877 vero
844 1826 1037 1876 Solonis
1075 1825 1268 1890 legibus
1307 1832 1356 1873 et
1379 1824 1643 1873 Dracontis
1681 1823 1874 1872 statutis
1910 1830 2049 1872 uten-

223 1915 340 1965 dum
366 1920 451 1962 est.

1075 1980 1190 2030 248.

354 2073 612 2125 ςΕκάστου
640 2075 800 2139 δήμου
827 2069 854 2124 ὁ
884 2073 1158 2138 κατάρχων
1184 2072 1436 2137 δήμαρχος
1464 2075 1669 2140 λέγεται.

1073 2231 1175 2279 248
1327 2157 1554 2219 (Suida82
1595 2154 1908 2219 δήμαρχος.).

355 2326 603 2393 Cujusque
632 2327 748 2393 pagi
773 2327 1004 2392 princeps
1031 2331 1233 2374 vocatur
1261 2322 1563 2373 demarchus.

898 2428 901 2429 ⁷
1079 2431 1195 2480 249.

366 2528 425 2576 Oi
454 2525 704 2591 δήμαρχοι
730 2524 818 2583 τάς
845 2523 1149 2594 ἀπογραφάς
1176 2523 1445 2573 ποιοῦνται
1472 2520 1543 2571 τῶ
1548 2542 1575 2570 ν
1601 2521 1894 2587 προσόντων
1920 2518 2048 2570 ἑκά-

227 2627 324 2675 στῳ
351 2610 486 2677 δήμῳ
513 2612 760 2675 χωρίων·’
789 2611 859 2659 ἔτι
900 2607 950 2658 δὲ
991 2613 1080 2657 καὶ
1121 2607 1182 2657 τά
1223 2604 1523 2672 ληξιαρχικὰ
1560 2614 1875 2674 γραμματεῖα
1913 2603 2046 2670 παρά

225 2695 421 2751 τούτοις
446 2699 546 2744 ἐστι
562 2731 574 2752 ,
616 2697 706 2742 καὶ
734 2689 1013 2761 συνάγουσι
1040 2690 1160 2748 τούς
1189 2690 1378 2755 δήμους
1405 2685 1558 2740 ὁπότε
1585 2688 1802 2749 δεήσειεν
1827 2692 1916 2738 καὶ
1944 2689 2048 2755 ψῆ-

227 2796 331 2837 φον
356 2775 527 2834 αὐτοῖς
556 2777 766 2829 διδοῦσι.
1161 2779 1517 2844 (Harpocratio
1539 2796 1547 2826 :
1590 2773 1905 2839 δήμαρχος.)

1081 2885 1194 2932 249.

366 2979 616 3045 Principes
655 2998 897 3046 pagorum
935 2997 1079 3043 agros
1124 2980 1184 3028 ad
1213 2979 1432 3043 singulos
1460 2996 1613 3044 pagos
1640 2980 1935 3046 pertinentes
1963 2979 2046 3027 de-

225 3060 464 3123 scribunt,
518 3064 707 3111 tabulas
746 3062 1066 3112 lexiarchieas
1110 3061 1415 3121 custodiunt,
1470 3079 1723 3127 pagosque
1774 3079 1921 3127 quum
1969 3078 2046 3109 res

226 3145 460 3209 postulet,
501 3153 774 3194 convocant
800 3153 848 3194 et
873 3146 923 3193 in
949 3145 1186 3210 suffragia
1210 3144 1420 3192 mittunt.
