2161 3673
673 277 1036 312 MAGISTRATUS
1062 279 1424 314 CERTAMINUM.
1868 264 1934 314 89

102 410 278 478 quibus
303 422 447 458 curae
475 412 548 456 est
572 405 779 455 lustrare
806 420 917 465 eOS,
960 406 1042 471 qui
1079 406 1277 473 piaculo
1315 405 1531 472 quodam
1556 405 1778 456 obstricti
1806 414 1933 456 sunt.

101 496 225 546 Item
249 491 519 560 patriorum
543 488 874 539 institutorum
901 488 1203 556 interpretes,
1241 490 1562 540 Peculiariter
1589 497 1798 555 exegeta
1822 506 1931 556 per-

101 578 222 628 tinet
247 575 309 626 ad
334 590 586 624 sacrorum
611 573 932 639 interpretes3
959 574 1041 639 qui
1057 573 1204 624 ctiam
1226 573 1285 623 de
1304 573 1416 640 jure
1445 573 1793 624 defunctorum
1820 590 1936 623 con-

102 659 373 712 sulentibus
398 654 713 723 respondent.
960 726 1060 777 366

234 808 528 878 Ἐξηγηταὶ,
577 809 626 857 οὶ
662 805 726 857 τοὶ
765 811 873 876 περὶ
910 807 1015 858 τῶν
1054 807 1353 873 διοσημείων
1393 812 1484 858 καὶ
1523 806 1584 858 τὰ
1623 808 1727 858 τῶν
1766 804 1939 859 ἄλλων

100 894 246 959 ἱερῶν
271 890 610 950 διδάσκοντες.
955 965 1057 1014 366
1233 895 1436 956 (Pollux
1463 894 1603 958 VIII,
1637 895 1792 956 124).

238 1049 541 1116 Interpretes
566 1047 795 1116 prodigia
820 1056 870 1099 et
894 1049 1014 1100 alias
1040 1065 1117 1099 res
1143 1065 1306 1101 sacras
1333 1049 1525 1106 docent.

959 1156 1075 1205 367.

234 1236 294 1287 ‘E
309 1245 551 1305 ξηγητα
567 1239 584 1285 ἱ
601 1273 614 1295 ,
654 1237 702 1284 οὶ
738 1233 859 1293 τούς
895 1234 1086 1301 νόμους
1111 1243 1217 1294 τοῖς
1244 1233 1530 1304 ἀγνοοῦσιν
1555 1231 1937 1286 ὑποδεικνύον-

98 1343 175 1382 τες
200 1325 292 1372 καὶ
320 1318 647 1378 διδάσκοντες
679 1322 788 1385 περὶ
826 1319 920 1369 τοῦ
961 1317 1304 1383 ἀδικήματος,
1345 1312 1410 1369 οὗ
1436 1323 1647 1376 ἕκαστος
1673 1318 1934 1388 γράφεται.

1548 1406 1794 1469 (Suidas).

957 1478 1074 1529 367.

238 1565 489 1629 Exegetae
514 1563 650 1629 leges
675 1563 1063 1630 interpretantur
1087 1562 1353 1629 imperitis,
1394 1562 1672 1628 docentque
1706 1563 1851 1629 quale
1878 1562 1939 1613 sit

98 1648 282 1699 crimen
307 1648 455 1710 illud,
481 1648 621 1716 cujus
649 1646 851 1714 quisque
879 1654 1149 1697 accusetur.

881 1834 1064 1900 Τμῆμα
1092 1834 1154 1895 η’.

635 1930 871 1995 Ἀρχαὶ
910 1928 1383 1999 ἀγωνιστικαί.

911 2038 1118 2047 ανννυυκωννααν

893 2100 1057 2151 Sectio
1096 2102 1143 2151 8.

556 2195 990 2261 Magistratus
1028 2198 1471 2247 certaminum.

954 2315 1070 2364 368.

226 2390 392 2444 ΗΟταν
410 2398 565 2460 χοροὶ
593 2392 972 2464 ἀγωνίζωνται,
1001 2391 1143 2445 ἆθλα
1169 2393 1199 2445 ὅ
1226 2391 1400 2462 ἄρχων
1428 2400 1708 2462 προτίθησι.

1054 2482 1378 2549 (Xenophon.
1406 2484 1559 2534 Hiero
1586 2485 1672 2544 IX,
1701 2485 1788 2543 4.).

961 2577 1076 2626 368.

236 2657 400 2718 Quum
426 2659 560 2709 chori
588 2660 869 2720 decertant,
911 2661 1132 2726 praemia
1158 2661 1343 2710 archon
1371 2663 1617 2728 proponit.

231 2843 548 2895 Ἀθλοθέται
577 2846 700 2895 δέκα
721 2853 817 2911 μέν
844 2852 975 2898 εἰσιν
994 2888 1004 2906 ,
1041 2847 1109 2907 εἷς
1136 2849 1270 2898 κατά
1298 2850 1491 2911 φυλήν·
1533 2851 1931 2914 δοκιμασθέντες

97 2928 146 2975 δὲ
175 2922 392 2993 ἄρχουσι
421 2933 631 2994 τέσσαρα
659 2933 769 2990 ἔτη,
811 2936 890 2980 ἐπὶ
917 2931 987 2997 τῴ
1017 2932 1276 2981 διαθεῖναι
1313 2931 1374 2980 τοὶ
1421 2932 1802 2992 Παναθήναια,
1842 2933 1933 2982 τόν

97 3030 145 3059 τε
166 3011 425 3074 μουσικόν
443 3051 453 3069 ,
483 3017 573 3061 καὶ
602 3011 694 3061 τὸν
719 3014 981 3081 γυμνικὸν
1006 3020 1097 3063 καὶ
1124 3014 1217 3073 τήν
1244 3014 1601 3078 ἱπποδρομίαν.

952 3171 1054 3218 369
1264 3100 1467 3159 (Pollux
1496 3101 1632 3163 VIII,
1663 3102 1789 3162 933.

234 3250 419 3301 Arbitri
445 3252 617 3302 decem
643 3261 781 3315 sunt,
822 3255 1003 3318 singuli
1031 3271 1055 3302 e
1083 3253 1312 3302 tribubus
1339 3254 1558 3319 singulis.
1616 3255 1817 3306 Probati
1847 3273 1929 3305 au-

95 3338 195 3380 tem
219 3342 427 3398 quatuor
452 3337 593 3386 annis
619 3345 834 3399 regnant
858 3335 927 3399 sad
954 3335 1415 3388 Panathenaeorum
1443 3338 1928 3400 administrationem,

95 3415 357 3480 musicum,
385 3420 671 3487 gymnicum
698 3427 747 3470 et
772 3428 998 3487 equestre
1027 3427 1290 3470 certamen.
