2114 3642
587 251 992 286 COMMENTARIUS
1020 250 1089 283 AD
1119 248 1224 285 1441.
1254 247 1357 285 1442.
1386 246 1491 285 1443.
1856 236 1957 286 619

269 376 537 427 Confirmat
565 378 657 427 hoc
685 380 832 428 etiam
860 378 999 428 Plato
1028 378 1171 437 (Min.
1200 396 1246 443 p.
1276 378 1434 438 315):
1463 378 1511 424 οἱ
1539 416 1546 426 .
1570 415 1578 426 .
1602 416 1609 426 .
1642 375 1871 440 πρότεροι

118 462 207 508 καὶ
247 460 479 507 ἔθαπτον
521 463 575 507 ἐν
615 459 671 522 τῇ
716 461 859 525 οἰκίᾳ
903 457 1018 515 τούς
1059 457 1450 516 ἀποθανόντας·
1498 454 1632 523 ἡμεῖς
1673 458 1723 508 δὲ
1762 458 1960 508 τούτων

122 540 273 591 οὐδὲν
302 541 563 604 ποιοῦμεν.

261 638 359 688 Sed
387 640 643 705 Lycurgus
671 640 804 704 apud
829 640 1249 689 Lacedaemonios
1277 647 1496 688 mortuos
1522 640 1649 689 intra
1677 640 1848 688 urbem
1877 639 1958 688 hu·

119 723 265 781 mari,
306 729 719 787 monumentaque
761 741 914 788 prope
957 723 1144 788 templa
1183 723 1300 787 poni
1343 742 1441 772 non
1478 723 1754 788 prohibuit:
1795 721 1958 787 hujus-

119 805 249 855 modi
292 805 586 871 spectaculis
626 806 963 855 adolescentes
1005 805 1370 860 adsuefaciens.
1424 823 1483 854 ne
1524 807 1692 855 mortis
1734 805 1958 855 recorda-

118 889 250 938 tione
279 888 712 954 perturbarentur,
755 906 955 954 eamque
985 907 1045 937 ne
1074 889 1415 945 exhorrerent,
1459 891 1595 954 quasi
1626 907 1733 947 eos,
1773 889 1853 954 qui
1882 907 1958 938 ρειὲ

119 972 269 1022 (laver
308 972 612 1037 tetigissent,
655 981 739 1023 aut
778 990 865 1039 per
905 973 1219 1038 sepulchrum
1259 973 1593 1030 transiissent,
1642 973 1958 1038 polluentem.

120 1055 475 1115 (Plutarch.
516 1057 783 1122 Lycurg.
821 1057 930 1116 27.)

891 1207 990 1261 Ad
1017 1208 1205 1261 1442.

261 1320 518 1384 Lycurgus
534 1318 666 1384 apud
683 1318 1106 1368 Lacedaemonios
1134 1317 1251 1366 nihil
1283 1336 1393 1366 cum
1419 1326 1611 1367 mortuo
1641 1327 1796 1367 terrae
1826 1335 1960 1367 man=

123 1402 225 1453 dari
255 1403 499 1468 permisit,
543 1401 627 1451 sed
669 1402 769 1467 ejus
811 1418 985 1466 corpus
1027 1408 1216 1450 tantum
1256 1402 1464 1465 puniceo
1505 1403 1716 1451 amiculo
1759 1409 1805 1449 et
1833 1401 1961 1449 foliis

122 1486 257 1534 oleae
299 1486 576 1534 involutum
616 1485 805 1533 tumulo
846 1485 1072 1549 componi
1106 1484 1265 1548 jussit.
1327 1485 1504 1532 Mortui
1547 1492 1710 1533 autem
1753 1502 1959 1540 nomen,

116 1569 208 1617 nisi
247 1569 321 1617 vir
360 1570 410 1617 in
451 1567 607 1627 bello,
661 1576 742 1616 aut
782 1568 957 1616 mulier
1000 1568 1229 1617 sacerdos
1270 1577 1474 1617 mortem
1515 1569 1741 1628 obiisset,
1791 1584 1959 1616 monu—

115 1659 282 1701 mento
310 1652 506 1701 inscribi
534 1668 707 1717 passus
735 1670 834 1701 non
864 1660 947 1701 est.
990 1652 1356 1712 (Plutarch.
1387 1653 1473 1717 Ly
1491 1670 1560 1701 cu
1574 1671 1596 1701 1·
1610 1670 1656 1716 g.
1686 1651 1796 1711 27.)

886 1815 983 1868 Ad
1009 1816 1199 1870 1443.

261 1925 405 1973 Hanc
433 1924 629 1990 quidem
656 1925 816 1988 legem
846 1924 987 1972 Plato
1025 1926 1259 1990 proponit
1287 1933 1504 1981 tautum,
1547 1926 1632 1974 sed
1665 1926 1764 1974 veri
1806 1926 1961 1975 simile

117 2018 189 2059 est
217 2026 326 2058 eam
354 2026 377 2056 e
399 2008 509 2073 jure
542 2005 706 2055 Attico
735 2008 980 2056 sumsisse.
1029 2008 1159 2057 Dicit
1188 2008 1316 2057 enim
1347 2008 1518 2057 Cicero
1548 2010 1619 2057 De
1650 2009 1867 2072 Legibus
1898 2010 1959 2063 H.

117 2093 209 2141 23:
243 2093 348 2158 jam
388 2098 551 2139 cetera
589 2090 639 2137 in
678 2090 776 2139 XII
815 2090 1083 2151 (tabulis),
1139 2091 1473 2140 minuendi
1517 2100 1839 2157 sumptus,
1891 2092 1959 2139 lae

116 2175 544 2239 mentationesque
575 2174 786 2234 funeris,
829 2175 1070 2223 translata
1097 2174 1156 2222 de
1184 2173 1379 2223 Solonis
1410 2176 1509 2223 fere
1538 2176 1746 2239 legibus.

259 2270 447 2320 Deinde
490 2271 551 2331 II,
595 2270 687 2317 25:
729 2270 933 2329 Postea,
978 2288 1155 2335 quum,
1197 2279 1249 2319 ut
1288 2271 1457 2320 scribit
1497 2270 1792 2330 Phalereus,
1834 2288 1958 2320 sum-

117 2363 295 2422 ptuosa
322 2354 426 2402 fieri
454 2354 626 2402 funera
655 2361 701 2401 et
727 2352 1065 2403 lamentabilia
1098 2355 1368 2421 cepissent,
1410 2354 1605 2403 Solonis
1633 2355 1742 2419 lege
1771 2354 1961 2403 sublata

119 2446 242 2488 sunt.
294 2439 458 2497 Quam
494 2436 656 2500 legem
696 2436 880 2486 eisdem
909 2456 1062 2504 prope
1093 2438 1255 2487 verbis
1283 2439 1437 2486 nostri
1467 2437 1723 2486 decemviri
1754 2438 1803 2485 in
1831 2437 1959 2486 deci-

118 2539 249 2570 mam
276 2521 497 2569 tabulam
523 2521 855 2585 conjecerunt.
911 2519 1036 2568 Nam
1065 2520 1122 2569 de
1151 2521 1307 2569 tribus
1336 2521 1514 2569 riciniis
1542 2528 1589 2569 et
1616 2521 1851 2587 pleraque
1877 2520 1960 2570 illa

119 2605 314 2655 Solonis
341 2611 466 2653 sunt.

261 2701 384 2748 Item
412 2700 473 2757 II,
504 2700 568 2746 26
588 2717 596 2746 :
638 2699 755 2747 Post
782 2698 1033 2763 aliquanto
1061 2706 1264 2764 propter
1299 2699 1385 2747 has
1425 2699 1772 2765 amplitudines
1791 2737 1798 2759 ,
1840 2717 1959 2764 quas

117 2786 167 2832 in
195 2782 449 2832 Ceramico
477 2781 724 2841 videmus,
760 2782 869 2845 lege
900 2790 1123 2831 sanctum
1150 2793 1248 2841 est,
1291 2801 1319 2830 11
1339 2802 1362 2830 e
1404 2801 1433 2846 q
1451 2783 1545 2830 uis
1585 2802 1607 2830 s
1625 2802 1646 2831 e
1664 2801 1694 2848 p
1713 2782 1848 2831 ulcr
1865 2800 1959 2830 um

120 2869 375 2915 faceret
414 2867 791 2929 operosius,
846 2884 920 2930 qu
942 2884 1031 2914 am
1085 2866 1249 2930 quod
1291 2866 1505 2914 decem
1544 2865 1838 2914 homines
1878 2871 1955 2914 et-

119 2950 410 2999 fecerint
449 2947 680 2997 triduo.

261 3044 486 3107 Denique
527 3044 644 3092 satis
685 3051 902 3102 constat,
942 3046 990 3092 in
1030 3045 1253 3093 Platonis
1292 3043 1510 3109 Legibus
1550 3045 1702 3093 multa
1735 3046 1956 3093 instituta

121 3127 498 3178 Atheniensium
523 3127 737 3191 reperiri.

264 3223 337 3272 Cf.
379 3222 586 3271 Carol.
628 3223 667 3269 F
684 3222 791 3270 rid.
834 3223 1183 3271 Hermann:
1240 3224 1310 3271 De
1366 3224 1586 3287 vestigiis
1624 3224 1956 3272 institutorum

121 3313 366 3364 veterum,
408 3305 640 3369 imprimis
670 3304 945 3353 Atticorum
983 3323 1071 3371 per
1098 3305 1318 3355 Platonis
1360 3306 1417 3356 de
1446 3307 1663 3370 Legibus
1704 3307 1852 3354 libros
1880 3306 1950 3353 in=

123 3388 372 3452 dagandis,
413 3387 693 3453 (Marburgi
730 3387 901 3446 1836.)
