2114 3642
634 234 1039 266 COMMENTARIUS
1073 234 1138 267 An
1166 234 1366 271 604-605.
1815 220 1916 270 493

77 369 240 411 autem
282 357 465 408 Κατὰ
499 356 792 420 Ὀνήτορος.
846 361 907 409 Et
944 369 1074 410 recte
1119 364 1341 428 quidem,
1381 364 1494 429 quia
1532 363 1583 410 in
1622 361 1695 411 his
1729 362 1919 413 duabus

80 446 384 494 orationibus
413 447 574 510 agitur
601 446 660 493 de
688 445 707 509 j
729 462 836 493 ure
877 462 902 492 c
919 454 1063 494 ontr
1080 465 1266 495 overs
1283 465 1338 503 o;
1381 447 1616 511 Aphobus
1643 446 1787 503 enim,
1814 447 1911 494 De-

74 529 344 576 mosthenis
372 536 528 582 tutor,
572 528 708 576 duxit
748 526 976 575 Onetoris
1017 545 1248 578 sororem.
1301 530 1398 579 Sed
1434 528 1649 591 Onetor,
1684 529 1792 594 jam
1829 547 1916 577 reo

75 611 205 659 facto
235 610 472 676 Aphobo,
503 617 808 659 commentus
837 611 1126 672 divortium,
1169 629 1389 661 sororem
1416 613 1476 661 ad
1505 630 1556 662 se
1583 612 1817 672 abduxit,
1846 620 1917 659 at-

75 711 169 758 que
197 693 584 742 Demosthenem
608 694 659 741 in
687 693 901 742 damnati
931 693 1131 758 Aphobi
1159 695 1292 743 bona
1319 703 1365 744 et
1390 695 1570 744 fundos
1597 694 1915 744 invadentem

75 778 289 842 expulit,
318 776 488 826 dicens
517 778 698 826 sororis
727 793 831 825 esse
858 777 1052 825 fundos.

214 871 311 920 Sed
354 871 607 920 videamus
644 871 814 919 ordine
851 871 1125 929 orationes,
1169 889 1292 936 quae
1320 869 1453 918 κατά
1481 891 1614 927 τινος
1641 873 1917 921 inscribun-

74 961 175 1014 tur,
216 961 270 1001 ut
309 953 499 1002 eluceat
537 954 587 1001 in
630 954 687 1001 iis
725 954 955 1001 omnibus
995 972 1095 1001 non
1134 961 1236 1002 tam
1263 954 1322 1003 de
1342 956 1455 1020 jure
1485 956 1697 1019 quodam
1724 963 1916 1004 contro·

76 1055 243 1098 verso,
273 1055 421 1102 quam
450 1038 609 1101 potius
637 1037 696 1085 de
725 1038 891 1101 iniquo
922 1038 1052 1085 facto
1080 1039 1173 1101 agi.
1226 1038 1482 1103 Ejusmodi
1511 1047 1625 1086 sunt

218 1132 316 1180 1-0.
356 1132 705 1180 Demosthenis
744 1128 914 1177 κατὰ
952 1127 1193 1193 Ἀφόβου
1222 1131 1500 1192 ἐπιτροπῆς.
1557 1133 1790 1199 Aphobus
1817 1151 1918 1183 non

73 1214 211 1262 duxit
237 1216 584 1264 Demosthenis
613 1217 766 1281 patris
792 1234 1024 1275 uxorem,
1067 1224 1120 1264 ut
1148 1234 1172 1264 e
1205 1225 1502 1266 testamento
1531 1218 1805 1277 debuisset,
1834 1235 1917 1266 ne-

73 1316 166 1363 que
204 1299 554 1364 patrimonium
593 1299 913 1348 Demostheni
955 1299 1169 1349 tradidit.
1230 1301 1343 1347 Non
1385 1302 1632 1365 quaeritur
1669 1301 1820 1363 igitur
1859 1301 1917 1350 de

69 1382 206 1446 Jure,
248 1383 334 1431 sed
362 1383 420 1431 de
451 1383 591 1431 famo.

216 1478 318 1526 2-0.
357 1477 706 1527 Demosthenis
746 1472 914 1538 κατοῖ
956 1472 1236 1534 Στεφάνου
1280 1477 1363 1526 1-a
1403 1486 1450 1525 et
1490 1478 1589 1526 2-a.
1641 1477 1819 1542 Agitur
1857 1477 1916 1526 de

74 1560 196 1608 falso
225 1562 517 1609 testimonio.
558 1561 691 1624 Ergo
719 1561 778 1609 de
809 1561 951 1608 facto.

215 1656 315 1705 3-0.
356 1656 702 1705 Demosthenis
731 1650 898 1701 κατά
933 1651 1157 1720 Εὐέργου
1184 1656 1275 1700 καὶ
1310 1653 1693 1718 Μνησιβούλον.
1734 1659 1916 1708 Iterum

72 1739 129 1788 de
160 1741 283 1789 falso
312 1740 602 1790 testimonio.

215 1837 314 1884 4-0.
360 1834 709 1884 Demosthenis
750 1829 921 1878 κατά
958 1829 1397 1895 ’Ολίῃιιπιοδώρου.
1449 1835 1523 1882 De
1569 1834 1683 1883 dato
1723 1835 1913 1884 damno.

75 1919 231 1981 Igitur
258 1919 316 1966 de
344 1919 510 1983 iniquo
539 1918 683 1966 facte.

217 2016 315 2061 5-0.
356 2013 699 2063 Demosthenis
734 2007 902 2057 κατὰ
942 2008 1192 2065 Κόνωνος.
1246 2012 1407 2061 Aristo
1445 2011 1700 2061 Cononem
1741 2012 1912 2060 verbe-

74 2099 276 2146 rationis
303 2103 526 2157 aecusat,
556 2104 603 2144 et
631 2096 733 2160 ejus
768 2096 929 2143 facti
964 2105 1112 2145 testes
1140 2095 1379 2160 producit.

215 2193 314 2240 6-0.
355 2191 704 2239 Demosthenis
751 2208 830 2235 κα
848 2186 918 2235 τά
971 2186 1378 2251 Διονυσοδώρου.
1455 2192 1637 2240 Iterum
1690 2190 1749 2239 de
1801 2190 1913 2240 dato

72 2275 266 2325 damno.

215 2360 311 2408 7-0.
352 2359 532 2424 Lysiae
567 2355 735 2404 κατά
773 2360 1110 2425 Διογείτονος.
1164 2359 1405 2409 Diodotus
1439 2360 1487 2407 in
1517 2358 1683 2408 Asiam
1710 2360 1911 2422 naviga-

69 2450 206 2491 turus
246 2450 596 2492 testamentum
635 2444 853 2492 condidit
891 2446 1206 2509 puerulisque
1248 2445 1346 2492 suis
1394 2451 1604 2492 tutorem
1642 2444 1914 2507 assignavit

69 2527 402 2591 Diogitonem.
455 2527 669 2575 Diodoto
695 2535 912 2588 mortuo,
955 2544 1106 2591 quum
1132 2527 1371 2590 Diogiton
1410 2527 1574 2574 omnia
1612 2526 1913 2591 pupillorum

72 2611 203 2658 bona
229 2610 616 2658 administrasset
644 2618 691 2658 et
718 2628 777 2659 ex
804 2611 969 2675 ampla
997 2611 1196 2658 fortuna
1222 2610 1278 2657 iis
1305 2609 1426 2657 nihil
1454 2609 1692 2666 dedisset,
1721 2610 1783 2657 ab
1813 2627 1911 2658 uno

74 2711 367 2759 puerorum,
411 2694 491 2757 qui
525 2693 719 2741 virilem
746 2701 913 2756 togam
939 2702 1241 2757 sumpserat,
1283 2693 1409 2741 male
1439 2692 1807 2741 administratae
1837 2701 1909 2740 tu-

71 2776 218 2838 telae,
249 2793 366 2840 ergo
393 2777 546 2840 iniqui
575 2777 763 2836 facti,
793 2785 1061 2825 accusatur.

217 2872 319 2919 8-0.
362 2871 539 2937 Lysiae
574 2872 710 2916 κατ’
743 2866 996 2924 Εὐκλέους
1015 2870 1228 2929 χωρίου.
1270 2870 1491 2933 (Fragm.
1523 2869 1636 2918 100.
1666 2870 1739 2918 ed.
1777 2868 1910 2918 Car.

78 2953 353 3013 Muller.)
395 2953 565 3002 Oratio
595 2954 695 3016 egit
722 2954 781 3003 de
810 2954 964 3002 fundo
980 2991 993 3013 ‚
1035 2963 1078 3002 et
1113 2954 1311 3018 quidem
1348 2952 1668 3018 probabiliter
1693 2952 1741 3000 vi
1769 2968 1910 3000 occu-

76 3044 204 3100 pato.
253 3037 453 3086 Poterat
492 3037 642 3099 igitur
680 3036 884 3086 fortasse
927 3037 1074 3085 etiam
1111 3037 1238 3084 actio
1277 3037 1471 3101 privata
1496 3032 1698 3092 ἐξούλης
1725 3035 1910 3083 institui

73 3136 153 3163 κα
170 3116 240 3164 τά
265 3137 424 3176 τινος,
454 3121 608 3168 sinon
625 3120 950 3183 quaerebatur
965 3138 1079 3168 num
1099 3120 1211 3184 jure
1239 3119 1344 3183 quis
1371 3119 1576 3168 fundum
1604 3124 1908 3184 occupasset,

77 3201 161 3250 sed
200 3203 307 3267 ipsa
346 3204 565 3251 violenta
602 3202 755 3262 actio,
807 3212 1051 3267 tamquam
1092 3203 1310 3266 iniquum
1350 3202 1532 3250 factum
1572 3202 1908 3251 accusabatur.

77 3284 185 3332 Hoc
208 3286 354 3333 modo
381 3287 529 3349 igitur
558 3302 727 3332 verum
755 3285 955 3333 dixisset
990 3284 1023 3332 S
1040 3285 1110 3332 ch
1128 3303 1154 3332 0
1171 3301 1194 3332 e
1210 3302 1257 3331 m
1273 3301 1300 3331 a
1316 3301 1348 3331 n
1366 3301 1396 3331 n
1413 3303 1504 3346 us,
1533 3286 1680 3334 etiam
1707 3280 1908 3339 ἐξούλης

75 3367 318 3417 actionem
345 3369 493 3417 fuisse
529 3386 562 3413 κ
579 3384 649 3412 ατ
667 3364 696 3410 ά
723 3384 873 3421 τινος.
