2114 3642
202 186 302 235 634
597 202 1003 238 coMMENTARms
1031 200 1099 230 AD
1131 197 1232 233 1520.
1263 196 1364 241 1521,
1395 197 1499 236 1523.
1530 196 1631 234 1224.

966 322 1067 376 Ad
1092 323 1281 377 152⁰.

339 438 540 488 Bekker
578 434 761 485 Anecd.
805 451 878 499 gr.
918 435 954 482 I.
995 452 1042 499 p.
1084 433 1211 482 244:
1270 429 1548 500 Ἐγγυητὴς
1588 429 1616 482 ὁ
1659 431 2036 498 ἀναδεχόμενος

196 517 360 578 δίκην.

337 604 467 653 Hinc
505 600 835 662 concludunt,
879 601 1197 663 creditorem,
1249 603 1595 669 praetermisso
1635 603 1880 664 debitore,
1931 603 2036 669 ejus

196 702 481 753 sponsorem
507 685 724 753 potuisse
750 685 801 735 in
820 686 904 753 jus
932 703 1121 736 vocare.

955 826 1054 882 Ad
1093 828 1269 882 1521.

331 937 616 988 Secundum
642 939 851 1004 Leges
878 939 1183 990 Platonis
1211 943 1353 1003 (953,
1382 942 1423 991 E
1450 971 1516 977 κ-
1545 943 1661 1003 954,
1691 940 1775 1005 Α),
1810 940 2031 1008 sponsio-

190 1036 302 1069 nem
328 1039 476 1087 quam
504 1022 610 1087 quis
637 1022 779 1082 facit,
821 1022 1013 1073 disertis
1054 1026 1217 1074 verbis
1245 1026 1416 1087 facito,
1458 1043 1559 1076 rem
1586 1033 1768 1086 totam,
1807 1041 1955 1091 quam
1980 1024 2032 1072 in

187 1120 238 1153 se
266 1104 496 1170 recipiat,
532 1106 837 1173 perscribens
876 1123 1043 1156 coram
1082 1108 1288 1158 testibus
1329 1126 1428 1158 non
1466 1109 1627 1158 minus
1665 1108 1846 1168 tribus,
1887 1107 1926 1157 si
1954 1124 2032 1156 res

184 1188 315 1238 intra
351 1189 484 1240 mille
526 1190 784 1242 drachmas
826 1197 926 1253 est,
966 1191 1005 1240 si
1046 1208 1162 1241 vero
1203 1209 1353 1259 supra
1379 1191 1536 1254 mille,
1576 1210 1675 1242 non
1703 1192 1864 1242 minus
1888 1205 2032 1256 quam

186 1274 417 1340 quinque.

325 1359 398 1410 Ac
423 1378 633 1426 sponsor
661 1359 858 1425 quidem
887 1361 1033 1409 etiam
1060 1361 1122 1418 is,
1161 1361 1243 1426 qui
1272 1368 1506 1427 tanquam
1534 1360 1843 1427 pararius
1871 1358 2030 1420 (προ-

188 1440 395 1503 πωλῶν)
419 1442 601 1508 aliquid
630 1443 811 1505 vendit,
840 1462 940 1492 non
960 1443 1095 1509 juste
1124 1444 1385 1494 vendentis
1412 1445 1494 1494 vel
1520 1444 1718 1494 omnino
1744 1441 2030 1495 auctoritate

185 1527 423 1589 carentis,
463 1544 573 1576 reus
614 1535 780 1577 autem
820 1528 968 1577 etiam
1001 1528 1249 1594 pararius,
1290 1529 1706 1593 quemadmodum
1732 1529 1799 1589 is,
1839 1526 1922 1592 qui
1949 1543 2030 1575 ve-

183 1627 299 1659 num
326 1610 484 1671 dedit,
527 1611 699 1674 agitor.
817 1601 820 1603 ‚

327 1693 475 1759 Apud
503 1694 755 1744 Romanos
794 1713 1008 1761 sponsor
1046 1703 1095 1744 et
1135 1696 1505 1762 fidepromissor
1529 1713 1619 1762 per
1645 1697 1808 1760 legem
1834 1694 2030 1743 Furiam

182 1778 380 1829 biennio
407 1778 693 1830 liberantur.
735 1780 810 1843 (G
823 1780 908 1847 aji
943 1782 1159 1831 Instit.
1196 1782 1284 1843 III,
1316 1781 1459 1842 121.)

950 1923 1051 1977 Ad
1077 1923 1268 1977 1523.

322 2023 614 2088 Depositum
655 2040 861 2088 parvum
902 2022 1133 2072 fraudare
1174 2021 1365 2088 turpius
1406 2029 1480 2071 est
1505 2037 1655 2088 quam
1682 2025 1904 2069 mutuum
1929 2035 2025 2068 ma=

179 2123 347 2169 gnum.
387 2106 483 2166 Qui
511 2106 641 2154 enirn
670 2105 950 2172 depositum
986 2105 1206 2166 fraudat,
1245 2105 1492 2154 hominem
1520 2104 1705 2171 decipit
1731 2121 1760 2152 a
1786 2121 1884 2168 quo
1912 2120 2025 2168 pro-

181 2190 272 2238 bus
299 2190 405 2255 ipse
434 2189 754 2239 existimatur.
795 2187 1168 2250 (Aristotel.
1203 2188 1243 2236 P
1261 2188 1446 2237 roble
1464 2205 1523 2237 m.
1552 2188 1740 2249 XXIX,
1769 2187 1847 2247 6.)

320 2272 632 2322 Democritus
660 2272 788 2337 apud
817 2271 1089 2322 Stobaeum
1118 2272 1277 2333 (Flor.
1305 2272 1489 2333 XLVI,
1519 2272 1634 2332 44):
1673 2266 1762 2325 τὰς
1789 2287 2026 2333 παρακα-

179 2352 409 2414 ταθήκας
449 2350 763 2402 ἀποδιδόντα
802 2350 864 2402 οὐ
893 2350 993 2418 χρὴ
1024 2356 1378 2411 ἐπαινέεσθαι,
1418 2350 1511 2401 τὸν
1538 2350 1587 2401 δὲ
1610 2349 1680 2416 μὴ
1711 2348 2027 2400 ἀποδιδόντα

180 2437 354 2495 κακῶς
391 2434 609 2486 ἀκούειν
646 2440 739 2486 καὶ
776 2435 1002 2500 πάσχειν.
1055 2439 1149 2500 Qui
1178 2438 1460 2505 depositum
1485 2437 1673 2500 reddit,
1713 2437 1900 2488 laudari
1926 2453 2027 2487 non

180 2524 353 2586 debet,
394 2531 444 2573 at
470 2523 764 2590 reprehendi
796 2531 844 2572 et
870 2523 1058 2590 puniri,
1100 2523 1181 2588 qui
1208 2540 1309 2572 non
1335 2521 1538 2581 reddit.)

324 2606 560 2656 Herodot.
589 2607 677 2667 VI,
706 2607 800 2654 86:
834 2601 1079 2672 Ἀγαθὸν
1111 2602 1236 2668 μηδὲ,
1279 2602 1602 2652 διανοέεσθαι
1641 2604 1750 2667 περὶ
1790 2621 2026 2667 παρακαα

183 2687 408 2748 ταθήκης
425 2685 553 2738 ἀλλο
576 2709 632 2757 γε
659 2685 689 2747 ἢ
715 2686 1065 2738 ἀπαιτεόντων
1091 2685 1412 2738 ἀποδιδόναι.
1442 2686 1685 2754 (Expedit
1710 2688 1771 2738 de
1798 2688 2026 2755 deposito

184 2773 304 2823 nihil
330 2776 463 2825 aliud
488 2791 551 2823 ne
578 2775 797 2839 cogitare
826 2773 1050 2839 quidem,
1079 2774 1173 2823 nisi
1200 2781 1254 2823 ut
1281 2772 1620 2839 repetentibus
1646 2771 1864 2831 reddas)

325 2857 473 2924 Apud
498 2859 751 2909 Romanos
778 2860 836 2920 Q.
866 2858 1108 2909 Scaevola
1134 2859 1185 2907 in
1223 2858 1486 2919 librorum,
1531 2873 1653 2923 quos
1680 2856 1738 2906 de
1759 2856 1870 2923 jure
1896 2855 2028 2905 civili

185 2942 488 3005 composuit,
516 2942 652 2993 XVI.
681 2943 835 2991 verba
860 2942 984 2993 haec
1009 2943 1202 3008 posuit:
1233 2942 1398 3007 „quod
1426 2941 1503 2991 cui
1532 2940 1831 2991 servandum
1858 2939 2028 2988 datum

184 3031 283 3084 est,
323 3024 362 3071 si
387 3024 436 3073 id
461 3043 576 3076 usus
605 3035 702 3089 est,
744 3028 848 3077 sive
879 3027 1009 3093 quod
1036 3026 1274 3076 utendum
1301 3028 1517 3093 accepit,
1558 3026 1621 3076 ad
1648 3026 1796 3075 aliam
1821 3041 1926 3073 rem
1952 3031 2023 3073 at·

187 3123 281 3171 que
306 3108 519 3171 accepit,
548 3128 664 3160 usus
691 3118 790 3173 est,
819 3111 934 3161 furti
962 3127 1014 3160 se
1042 3109 1334 3174 obligavit.“
1376 3109 1662 3172 (Gellius
1696 3109 1743 3158 N
1757 3115 1871 3158 oct.
1901 3106 2024 3158 Att.

187 3189 300 3250 VII,
332 3188 411 3248 15,
440 3186 482 3252 ξ.
511 3192 584 3251 2.)

953 3262 1052 3315 Ad
1078 3263 1267 3316 1524.

329 3355 517 3421 Legem
544 3356 693 3420 hanc,
722 3362 908 3411 etiamsi
937 3380 1035 3412 non
1062 3360 1232 3411 iisdem
1260 3362 1421 3410 verbis
1449 3361 1709 3426 scriptam,
1747 3357 2011 3410 Athenien-.
