2114 3642
690 202 1096 255 COMMENTAmvs
1128 222 1194 253 An
1224 218 1328 253 1131.
1357 218 1461 252 1132.
1887 205 1987 252 563

147 346 270 394 litor.
323 345 372 395 Si
405 364 518 395 vero
547 348 730 411 fugerit
773 356 819 396 et
852 348 1090 413 judicium
1131 349 1291 396 subire
1332 347 1566 403 noluerit,
1608 347 1657 393 in
1694 354 1986 411 perpetuum

148 427 257 477 exul
285 438 402 478 esto.
456 429 506 478 Si
535 431 640 495 quis
670 439 829 478 autem
857 432 1070 495 aliquam
1098 431 1313 493 regionis¹
1342 431 1488 477 occisi
1518 437 1706 494 partem
1736 430 1986 490 ingressus

148 510 317 571 fuerit,
358 513 439 575 qui
476 514 661 577 primus
689 530 713 560 e
741 515 917 561 mortui
947 513 1239 578 propinguis
1270 514 1345 560 vel
1376 514 1522 560 etiam
1551 529 1574 558 e
1603 511 1792 560 civibus
1822 528 1986 559 occur-

147 595 286 653 rerit,
327 596 525 660 impune
553 596 760 643 occidito
790 597 866 644 1·οΙ
897 597 1115 644 vinctum
1143 596 1509 657 magistratibus
1540 594 1865 642 occidendum
1892 603 1987 641 tra-

147 676 263 723 dito.
315 675 588 726 Accusator
615 686 776 725 autem
805 679 946 726 simul
987 678 1137 726 vades
1178 678 1426 741 postulato
1455 678 1515 724 ab
1545 695 1628 733 e0‚
1677 695 1821 741 quem
1849 692 1987 725 accu-

148 768 247 818 sat,
288 777 405 823 quos
432 760 521 807 iste
550 760 785 823 praebeto
826 762 1093 826 locupletes
1134 777 1337 808 numero
1378 768 1502 818 tres,
1545 762 1624 824 (1111
1655 761 1823 809 sistere
1852 760 1989 807 illum

154 842 202 889 in
221 841 457 907 judicium
488 844 804 908 promittant3
844 845 918 892 sin
948 845 1062 892 dare
1092 862 1190 891 non
1222 844 1322 890 vult
1351 843 1426 889 vel
1456 844 1647 907 nequit,
1678 843 1990 908 magistratus

147 926 374 974 traditum
402 925 493 974 sibi
523 928 743 975 vinciant
785 928 1101 992 vinctumque
1142 927 1424 975 custodiant
1453 935 1498 974 et
1530 928 1577 974 in
1607 944 1780 975 causae
1804 923 1988 987 judica-

146 1010 328 1058 tionem
355 1010 541 1057 sistant.

291 1091 436 1157 Apud
455 1092 873 1142 Lacedaemonios
900 1095 1142 1142 infantem
1169 1094 1259 1141 sibi
1290 1100 1457 1141 natum
1481 1092 1666 1140 nutrire
1689 1110 1786 1140 11011
1812 1101 1915 1139 erat
1939 1092 1988 1137 in

148 1176 298 1239 patris
315 1183 574 1241 potestate,
604 1177 687 1225 sed
713 1194 822 1224 eum
849 1177 1073 1242 portabat
1099 1178 1148 1223 in
1175 1178 1348 1235 locum,
1379 1177 1454 1224 cui
1474 1175 1659 1223 Lesche
1683 1192 1861 1224 nomen
1889 1182 1987 1221 est:

148 1259 213 1306 ibi
243 1257 466 1307 sedentes
493 1261 743 1309 tribulium
772 1270 930 1309 aetate
960 1262 1348 1326 provectis-simi,
1376 1260 1610 1307 infantem
1639 1258 1992 1324 explorabant3

151 1342 230 1407 qui
260 1343 297 1389 si
326 1344 452 1392 bene
481 1352 737 1410 compacto
766 1354 814 1392 et
842 1347 980 1392 firmo
1011 1353 1139 1392 esset
1167 1361 1401 1408 corpore,
1431 1344 1493 1390 ali
1516 1343 1784 1408 jubebant,
1813 1350 1991 1389 sortem

148 1426 216 1474 illi
244 1444 268 1473 0
297 1444 478 1475 novem
503 1427 713 1476 millibus
755 1445 904 1477 unam
943 1427 1270 1479 destinantes:
1311 1428 1385 1474 sin
1413 1435 1575 1474 autem
1603 1427 1820 1489 degener
1849 1432 1992 1489 atque

150 1509 378 1558 deformis
416 1510 686 1569 videretur,
728 1511 989 1559 mittebant
1032 1528 1143 1558 eum
1182 1510 1242 1559 ad
1287 1509 1590 1575 Apothetas,
1633 1510 1713 1574 qui
1753 1509 1889 1557 locus
1924 1516 1993 1555 est

150 1593 793 1657 praecipitiiscircumcisus
813 1596 955 1660 juxta
982 1594 1280 1659 Taygetum.
1311 1595 1372 1641 ab
1402 1594 1706 1658 expositione
1736 1592 1994 1640 infantium

148 1678 216 1724 ita
242 1684 557 1742 nuncupatus
576 1714 587 1736 ,
628 1678 856 1725 nimirum
891 1677 1021 1741 quod
1049 1693 1207 1741 neque
1236 1677 1328 1741 ipsi
1358 1693 1516 1740 neque
1548 1674 1654 1723 urbi
1683 1674 1992 1732 conduceret,

149 1759 197 1807 id
225 1760 326 1807 vita
352 1760 471 1818 frui,
513 1761 587 1807 cui
628 1760 764 1807 initio
808 1760 1028 1825 corporis
1056 1760 1240 1807 bonam
1267 1758 1607 1807 habitudinem
1632 1757 1879 1822 roburque
1909 1775 1993 1804 na-

150 1851 259 1891 tuna
284 1850 527 1907 negasset.
569 1843 930 1902 (Plutarch.
961 1843 1169 1908 Lycurg.
1204 1843 1313 1903 16.)

298 1925 440 1990 Apud
468 1925 737 1974 Thebanos
777 1926 858 1990 qui
897 1925 1135 1974 infantem
1170 1925 1475 1990 exposuisset
1502 1925 1581 1973 vel
1608 1925 1656 1972 in
1683 1925 1994 1974 solitudinem

153 2009 433 2075 abjecisset,
462 2009 634 2073 capitis
661 2009 903 2074 supplicio
930 2008 1112 2057 luebat.
1154 2007 1340 2056 Verum
1369 2008 1407 2054 si
1437 2016 1655 2057 extrema
1681 2008 1994 2058 mendicitate

152 2101 292 2158 pater
317 2091 616 2149 laborasset,
658 2093 759 2140 sive
804 2109 907 2139 mas
948 2100 1075 2140 esset
1109 2092 1212 2139 sive
1243 2090 1424 2138 femina
1450 2091 1640 2151 infans,
1674 2092 1888 2155 jubebat
1914 2093 1995 2140 lex

152 2193 261 2224 eum
289 2176 454 2224 statim
482 2192 509 2223 a
534 2184 760 2224 materno
789 2184 934 2240 partu
962 2174 1023 2222 ad
1051 2176 1392 2237 magistratum
1433 2190 1543 2222 cum
1578 2175 1693 2239 ipsis
1721 2174 1883 2223 fasciis
1911 2174 1993 2223 ad-

153 2260 309 2319 ferre,
340 2259 420 2322 qui
447 2266 706 2324 acceptum
733 2259 876 2307 alicui
903 2257 1099 2306 tradidit
1125 2259 1220 2306 levi
1249 2258 1435 2323 pretio,
1476 2267 1527 2305 ut
1554 2258 1689 2306 bona
1716 2257 1811 2306 fide
1840 2257 1994 2305 infan-

153 2350 252 2390 tem
293 2343 445 2391 aleret
486 2350 532 2390 et
573 2341 794 2390 adultum
831 2341 959 2390 servi
993 2342 1072 2389 vel
1098 2359 1271 2390 servae
1299 2341 1406 2389 1000
1436 2341 1666 2399 haberet,
1708 2341 1776 2390 sic
1815 2348 1868 2389 ut
1905 2359 1995 2405 pro

155 2425 457 2474 educationis
485 2424 709 2474 mercede
738 2442 913 2490 operas
942 2425 1044 2489 ejus
1072 2425 1334 2490 acciperet.
1376 2423 1485 2484 (Ae
1506 2424 1652 2472 lian.
1682 2423 1823 2473 Var.
1853 2423 1994 2471 hist.

155 2508 217 2568 H’
253 2508 327 2567 7')
925 2576 1025 2629 Aa
1053 2577 1229 2629 1132.

296 2686 691 2752 Apollodori
731 2687 1038 2736 biblioth.
1080 2689 1144 2745 II,
1174 2690 1220 2748 4,
1250 2688 1306 2735 9:
1349 2687 1586 2737 Hercules
1626 2687 1786 2748 legem
1821 2687 1994 2734 recita-

155 2770 226 2818 vit
252 2769 635 2830 Rhadamanthi,
678 2770 759 2834 qui
798 2788 936 2830 eum,
978 2771 1060 2835 qui
1086 2771 1277 2836 injustis
1304 2769 1530 2818 manibus
1557 2769 1786 2834 injuriam
1813 2770 1994 2818 inferre

156 2860 420 2902 conantem
458 2852 718 2917 repulerit,
758 2852 1004 2901 insontem
1044 2871 1150 2903 esse
1192 2853 1327 2902 dixit.
1380 2845 1504 2913 (Ὃς
1532 2846 1599 2897 ἂν
1626 2847 1877 2912 ἀμύνηται
1903 2849 1996 2898 τὸν

148 2933 340 2998 χειρῶν
368 2931 567 2981 ἀδίκων
593 2927 844 2996 ἄρξαντα,
884 2930 1067 2982 ἀθῶον
1092 2932 1267 2995 εἶναι.)

298 3017 649 3083 Antiphon.
689 3018 1027 3082 Tetralog.
1068 3020 1164 3078 III,
1205 3020 1250 3078 4,
1292 3019 1348 3064 7:
1401 3018 1742 3083 Inceptoribus
1780 3020 1995 3068 rixarum

155 3104 292 3168 leges
330 3103 511 3166 ubique
552 3101 867 3165 gravissimas
907 3118 1093 3166 poenas
1147 3101 1483 3159 denunciant3
1536 3101 1791 3166 repellenti
1833 3110 1994 3150 autem

157 3187 254 3234 vim
273 3203 550 3250 ,nusquam
577 3201 765 3249 poenae
795 3184 1060 3248 quidquam
1087 3185 1442 3250 praesciiptum
1469 3193 1555 3233 est.

300 3269 441 3317 Plato
469 3270 587 3331 Leg.
619 3268 736 3327 874,
767 3267 832 3317 C:
867 3263 994 3313 Εάι
1031 3286 1102 3321 τις
1143 3269 1290 3329 πατρὶ
1329 3265 1544 3329 βοηθωι
1581 3265 1814 3315 θάιΙΙατοι
1838 3265 1996 3329 ιιηδὲι

162 3347 373 3397 0’111166101
401 3349 581 3413 δρῶντι
608 3350 784 3410 κτείιη
811 3368 956 3405 τινα,
989 3346 1016 3408 ἦ
1037 3370 1185 3414 ιιητρι
1217 3346 1245 3409 i)
1269 3354 1466 3408 τέκνοις
1494 3347 1520 3408 r)
1551 3348 1788 3410 daemon·
1819 3347 1847 3406 ἢ
1873 3357 1994 3416 {vy-

1631 3434 1714 3474 36Ίῖ
