2161 3673
153 221 220 270 10
873 233 957 264 ms
978 229 1260 263 PUBLICUM.

927 410 1107 476 Τμῆμα
1132 411 1199 476 β’·

713 511 911 571 Πιρὶ
981 511 1420 569 μετοίκων.

937 662 1101 713 Sectio
1141 664 1186 713 2.

814 760 899 809 De
939 760 1310 826 inquilinis.

1023 878 1104 930 2¹7.

290 968 522 1012 Μέτοικο
562 965 658 1025 μέν
683 955 860 1011 ἐστινὸ
879 964 930 1019 ἐξ
959 962 1122 1023 ἑτέρας
1148 959 1334 1018 πόλεως
1353 961 1616 1025 μετοικῶν
1641 966 1696 1012 ἐν
1723 965 1861 1026 ἑτέρα
1889 965 1981 1010 καὶ

148 1044 217 1110 μὴ
246 1043 364 1110 πρὸς
390 1044 568 1113 ὀλίγον
593 1040 658 1102 ὦς
683 1049 822 1105 ξένος
848 1042 1124 1107 ἐπιδημῶν,
1153 1041 1283 1092 ἀλλὰ
1310 1043 1403 1104 τὴν
1429 1045 1633 1105 οἴκησιν
1659 1043 1850 1096 αὐτόθι
1880 1065 1982 1094 κα·-

153 1127 527 1192 ταστησάμενος.
580 1127 822 1179 Δίδονται
862 1127 911 1177 δὲ
951 1122 1038 1178 ὑπ’
1079 1126 1253 1177 αὐτῶν
1284 1133 1413 1178 καθ’
1440 1134 1661 1179 ἕκαστον
1687 1132 1796 1187 ἔτος
1822 1129 1981 1194 δραχ-

147 1216 242 1278 μαί
267 1210 464 1263 δώδεκα
483 1252 493 1271 ‚
523 1210 641 1278 ὅπερ
669 1210 973 1277 ὀνομάζεται
1005 1234 1046 1277 μ
1063 1233 1084 1261 ε
1101 1234 1129 1261 τ
1143 1232 1170 1260 ο
1187 1216 1204 1261 ί
1220 1234 1256 1260 κ
1271 1233 1286 1260 ι
1303 1232 1330 1261 ο
1346 1232 1388 1262 ν.

996 1299 1353 1365 (Harpocratio
1379 1318 1414 1348 s.
1442 1317 1488 1348 v.
1512 1300 1840 1361 μετοίκιον.)

293 1501 562 1567 Inquilinus
588 1508 688 1563 est,
728 1502 810 1568 qui
836 1518 896 1551 ex
929 1501 1025 1551 alia
1051 1501 1249 1550 civitate
1277 1500 1327 1549 in
1354 1502 1503 1550 aliam
1530 1504 1734 1567 migrat,
1775 1519 1893 1564 nec,
1932 1510 1986 1551 ut

154 1585 466 1650 peregrinus,
510 1584 572 1634 ad
598 1586 748 1634 breve
773 1592 968 1650 tempus
995 1585 1047 1634 in
1074 1602 1132 1635 ea
1159 1593 1516 1648 commoratur,
1558 1585 1644 1635 sed
1684 1586 1985 1636 domicilium

153 1669 219 1717 ibi
247 1668 337 1716 sibi
379 1669 640 1718 constituit.
692 1667 772 1718 Ab
812 1686 870 1718 eo
917 1671 1179 1734 quotannis
1218 1670 1477 1721 duodecim
1517 1670 1778 1721 drachmae
1817 1669 1985 1719 tributi

157 1752 264 1803 loco
290 1752 593 1820 penduntur,
620 1753 750 1819 quod
777 1752 954 1803 dicitur
971 1753 1257 1815 μετοίκιον.

1030 1860 1112 1908 28.

303 1956 416 2001 Τῶν
435 1956 695 2016 μετοίκιον
720 1957 929 2009 ἕκαστος
967 1951 1249 2017 προστάτην
1289 1954 1392 2015 ἔχει
1420 1950 1552 2000 κατὰ
1582 1950 1745 2015 νόμον
1773 1958 1859 2001 ἕνα
1888 1953 1987 2002 τῶν

157 2032 350 2093 ἀστῶν,
391 2039 480 2083 καί
520 2034 583 2084 δι’
624 2033 790 2084 αὐτοῦ
821 2034 878 2084 τό
907 2057 955 2084 τε
990 2040 1263 2100 μετοίκιον
1289 2039 1488 2085 τίθεται
1515 2033 1650 2084 κατὰ
1677 2038 1785 2093 ἔτος
1811 2039 1902 2084 καί
1928 2035 1988 2085 τὰ

158 2114 284 2166 ἄλλα
313 2118 601 2169 διοικεῖται·
642 2117 769 2167 ὅταν
807 2114 909 2168 οὖν
946 2141 1015 2176 τις
1055 2120 1229 2170 δοκῶν
1267 2119 1398 2169 εἶναι
1431 2124 1669 2183 μέτοικος
1708 2119 1991 2185 προστάτην

153 2200 222 2264 μὴ
252 2203 341 2266 ἔχῃ
360 2242 371 2261 ,
414 2201 533 2268 {itm}
574 2203 645 2269 δῴ
686 2201 741 2252 τὸ
770 2208 1068 2267 μετοίκιον,
1111 2203 1139 2265 ἢ
1166 2203 1313 2262 ἀστὸς
1339 2204 1470 2254 εἶναι
1494 2203 1669 2268 φάσκῃ
1688 2244 1699 2263 ,
1746 2224 1990 2273 παρεγγε-

159 2292 438 2353 γραμμένος
476 2293 545 2346 εἰς
584 2287 673 2348 τὴν
700 2292 987 2348 πολιτείαν,
1030 2285 1057 2339 ὁ
1100 2289 1414 2354 βουλόμενος
1456 2289 1608 2348 δίκην
1644 2286 1830 2356 εἰσάγει
1872 2286 1991 2353 πρὸς

162 2367 321 2420 αὐτὸν
337 2410 348 2430 ,
391 2367 489 2430 ἣτις
516 2376 707 2441 λέγεται
750 2371 779 2419 ἀ
799 2394 830 2421 π
847 2393 873 2436 ρ
890 2393 916 2421 ο
935 2391 1001 2421 στ
1018 2394 1047 2421 α
1065 2378 1123 2422 σι’
1140 2395 1166 2421 ο
1183 2394 1225 2423 υ.

1225 2459 1450 2521 (Suidas2
1492 2454 1848 2517 ἀποστασίου.)

1037 2532 1117 2580 28.

304 2623 581 2675 Secundum
608 2627 744 2690 leges
770 2627 951 2691 singuli
979 2627 1205 2691 inquilini
1244 2633 1507 2692 patronum
1544 2626 1729 2675 habent
1756 2642 1905 2675 unum
1934 2643 1992 2674 ex

167 2705 379 2765 civibus,
419 2726 505 2773 per
544 2728 688 2774 quem
715 2717 763 2758 et
789 2710 1025 2758 tributum
1063 2710 1324 2774 quotannis
1363 2709 1596 2775 penditur
1623 2717 1671 2759 et
1698 2710 1886 2774 reliqua
1910 2709 1991 2758 ad-

167 2788 510 2840 ministrantur.
561 2793 685 2841 Cum
724 2794 872 2858 igitur
897 2793 1162 2858 inquilinus
1189 2793 1363 2858 aliquis
1389 2801 1471 2842 aut
1497 2800 1759 2859 patronum
1785 2810 1883 2840 non
1911 2791 1993 2840 ha-

168 2871 278 2931 bet,
306 2879 388 2920 aut
415 2875 640 2925 tributum
668 2895 768 2927 non
797 2877 980 2944 pendit,
1009 2885 1093 2926 aut
1120 2877 1279 2925 civem
1306 2894 1357 2925 se
1385 2894 1490 2925 esse
1518 2876 1648 2936 dicit,
1677 2876 1790 2925 albo
1817 2875 1995 2923 civium

169 2953 290 3002 falso
318 2964 566 3020 receptus,
606 2961 803 3010 cuilibet
840 2961 953 3010 licet
992 2962 1183 3010 act-ione
1212 2978 1321 3009 eum
1348 2961 1602 3027 persequi,
1643 2976 1766 3024 quae
1794 2966 1997 3006 vocatur

170 3056 200 3086 11
218 3056 241 3086 e
257 3039 321 3101 gl
338 3056 361 3086 e
378 3058 401 3087 c
419 3040 463 3087 ti
504 3044 770 3105 patrocinii.

1045 3118 1126 3165 29.

306 3201 397 3252 Ἐν
424 3213 528 3260 ταῖς,
555 3215 771 3267 πομπαῖς
800 3209 914 3267 τούς
936 3213 1033 3274 μὲν
1054 3213 1329 3273 μὲτοίκους
1368 3206 1566 3268 σκάφας,-
1593 3210 1790 3267 (Ῑέριειν,
1836 3202 1918 3259 τοὶς
1946 3204 1993 3252 δι’
2020 3197 2023 3201 ’

177 3291 449 3352 ι’)υρατέρας
477 3285 648 3337 αὐτῶν
676 3285 845 3354 {iubila
874 3298 961 3342 καί
991 3291 1236 3341 σκιάδεια.

1044 3377 1429 3445 (Harpocratio:
1471 3370 1854 3433 σκοιφηᾳοόροι.)Ι
