2114 3642
171 170 272 222 526
456 185 864 220 COMMENTARIUS
892 184 961 215 AD
988 177 1072 212 865.
1098 179 1180 213 869.
1209 179 1290 215 870.
1319 180 1401 216 871.
1429 181 1514 216 876.
1542 182 1622 215 879.
1650 180 1733 216 881.

953 304 1052 358 Ad
1080 306 1233 359 865.

309 423 632 472 Doctissimus
672 418 955 467 Boeckhius
995 418 1227 484 opinatur
1265 417 1502 482 quosdam
1554 418 1736 468 fundos
1788 418 2016 484 publicos

167 523 285 570 erga
325 504 616 554 solvendam
658 502 896 550 decimam
924 500 1166 550 redituum
1193 508 1384 566 partem
1412 501 1691 550 ementibus
1730 503 1782 550 in
1822 518 2013 567 posses-

166 590 354 638 sionem
384 587 632 646 addictos,
667 585 884 635 decimas
912 592 1079 634 autem
1104 584 1372 650 publicano
1398 583 1615 634 elocatas
1643 585 1812 636 fuisse.

949 724 1049 778 Ad
1077 726 1231 778 869.

306 838 469 887 Schol.
514 837 564 885 in
601 835 858 885 Demosth.
901 834 961 884 de
1001 834 1195 902 republ.
1238 835 1393 885 ordin.
1437 835 1564 884 170:
1603 831 2011 882 Ὀπισθόδο-

157 941 305 986 μος,
347 917 491 975 οἶκος
529 912 751 966 ὄπισθεν
788 915 883 965 τοῦ
913 913 1006 964 νεώ
1048 915 1133 976 τῆς
1165 913 1425 976 Ἀθηνᾶς,
1466 921 1523 965 ἐν
1549 910 1590 982 ᾧ
1619 914 1925 966 ἀποτίθεται
1950 915 2012 965 τά

156 1002 422 1068 χρήματα,
463 997 494 1061 ἦ
520 1007 574 1051 ἐν
600 1000 657 1060 τῆ
687 997 964 1064 ἀκροπόλει
997 996 1179 1057 τόπος,
1221 1000 1354 1048 ἔνθα
1395 997 1453 1047 τὸ
1495 997 1739 1064 δημόσιον
1766 997 2016 1068 ἀργύριον

162 1085 427 1136 ἀπόκειται
455 1090 545 1134 καὶ
577 1080 604 1134 ὁ
634 1083 806 1149 φόρος.
861 1084 1280 1151 (Opisthodomus
1314 1092 1389 1134 est
1415 1085 1590 1136 domus
1617 1104 1647 1136 a
1672 1094 1815 1151 tergo
1841 1086 2014 1152 templi

162 1173 444 1234 Minervae,
483 1173 534 1221 in
573 1189 669 1237 qua
707 1177 1013 1237 reponuntur
1051 1170 1320 1235 pecuniae,
1362 1170 1442 1218 vel
1481 1170 1621 1219 locus
1659 1170 1709 1218 in
1750 1186 1890 1231 arce,
1929 1169 2013 1218 ubi

162 1257 372 1323 pecunia
398 1255 599 1322 publica
625 1262 673 1303 et
699 1254 939 1302 tributum
965 1252 1265 1318 seponitur.)

946 1393 1047 1446 Ad
1075 1394 1228 1446 870.

304 1509 434 1557 Hinc
465 1514 602 1574 patet
629 1513 742 1556 ante
772 1505 1030 1555 Euclidem
1057 1505 1347 1555 archontem
1380 1505 1584 1569 triginta
1612 1504 1859 1554 exstitisse
1886 1504 2011 1567 logi-

160 1600 273 1640 staS.
327 1591 585 1656 Inscriptio
613 1590 737 1638 enim
766 1589 886 1637 haec
914 1597 988 1638 est
1014 1607 1073 1638 ex
1101 1589 1284 1654 olymp.
1314 1588 1396 1650 90,
1426 1589 1577 1637 22—3.

304 1674 377 1723 Cf.
406 1673 621 1722 Boeckh.
649 1671 991 1722 Staatshaush.
1020 1672 1106 1721 der
1134 1671 1246 1721 Ath.
1276 1672 1416 1721 Tom.
1449 1673 1512 1721 II.
1541 1691 1586 1738 p.
1619 1674 1734 1721 584.

944 1813 1043 1866 Ad
1088 1815 1229 1866 871.

304 1925 377 1974 Cf.
418 1925 722 1991 Hesychium
760 1943 796 1973 s.
838 1943 881 1972 v.
916 1926 1184 1987 μέτοικοι,
1231 1932 1280 1973 et
1319 1923 1484 1973 Sehol.
1524 1925 1574 1973 in
1615 1925 1805 1974 Platon.
1848 1925 2010 1991 Leges

161 2028 206 2075 p.
235 2011 337 2056 454
365 2009 439 2058 ed.
469 2009 681 2058 Bekker.

943 2077 1043 2130 Ad
1073 2079 1227 2131 876.

303 2188 449 2254 Apud
477 2187 677 2237 Suidam
704 2188 884 2252 legitur
911 2184 1226 2250 λαμβάνειν,
1268 2188 1398 2253 quod
1427 2188 1721 2237 docentibus
1749 2187 1934 2237 Meiero
1963 2201 2011 2237 et

161 2272 478 2322 Schomanno
517 2274 645 2332 (Der
683 2271 889 2321 attische
930 2272 1138 2320 Process
1178 2290 1224 2337 p.
1252 2272 1313 2318 91
1357 2281 1405 2320 et
1433 2273 1527 2331 92)
1572 2274 1620 2320 in
1659 2268 2009 2333 καταβάλλειν

162 2358 360 2405 mutavi.
414 2356 612 2408 Aediles
652 2356 806 2421 >igitur
853 2355 1242 2404 determinarunt
1285 2356 1625 2405 meretricibus
1671 2355 1883 2420 vectigal
1923 2373 2007 2404 an-

161 2457 334 2501 nuum,
375 2440 423 2488 id
451 2448 524 2490 est
552 2436 608 2485 τὸ
638 2434 891 2502 πορνικὸν
916 2440 1066 2493 τέλος.

303 2679 632 2744 Harpocratio
661 2677 769 2727 loco
796 2679 946 2727 citato
975 2678 1093 2726 dicit
1120 2675 1195 2734 εἴη
1224 2674 1268 2722 δ’
1296 2670 1364 2722 ἄν
1393 2675 1508 2731 ἴσως
1538 2669 1562 2734 ἦ
1595 2695 1626 2722 π
1645 2678 1714 2738 ἐμ
1733 2696 1763 2723 π
1784 2697 1810 2723 τ
1827 2697 1867 2735 η.
1907 2677 2005 2727 Sed

163 2779 395 2823 erronee3
436 2779 549 2810 nam
576 2761 760 2810 Lexica
787 2761 1095 2825 Segueriana
1123 2763 1198 2826 (p.
1223 2761 1354 2819 255)
1380 2761 1447 2808 ita
1473 2760 1685 2809 habent:
1725 2758 1916 2807 ἐπώνια
1943 2756 2005 2806 τοὶ

163 2846 240 2888 ἐπὶ
268 2843 328 2904 τῇ
365 2841 470 2906 ὠνῇ
513 2842 1097 2908 προςκαταβάλλόιιιενα,
1139 2840 1302 2905 ὥσπερ
1343 2845 1712 2890 ἑκατοσταί
1750 2862 1893 2897 τινες.
1946 2844 2008 2891 Et

163 2927 330 2975 titulus
358 2946 386 2975 a
412 2928 464 2976 L.
493 2929 669 2978 Rossio
696 2930 740 2977 D
759 2946 783 2977 e
824 2928 1025 2976 demis
1066 2928 1448 2977 Atheniens.
1487 2946 1535 2993 p.
1563 2928 1630 2974 47
1671 2927 1827 2977 editus
1863 2927 2008 2975 docet

163 3010 293 3073 agris
321 3011 531 3059 venditis
559 3012 877 3061 centesimam
904 3010 1258 3060 numerandam
1288 3011 1451 3060 fuisse.
1482 3010 1609 3058 Vide
1637 3010 1784 3059 etiam
1802 3009 2007 3059 Bo'ckhii

165 3092 374 3140 Staatsh.
404 3095 446 3141 (l.
479 3096 652 3143 Athen.
689 3095 745 3143 T.
776 3096 835 3144 II.
865 3113 911 3160 p.
941 3095 1057 3143 348.

949 3234 1048 3287 Ad
1085 3236 1224 3287 881.

306 3329 466 3378 Photii
496 3329 611 3378 Lex.
642 3341 686 3380 et
716 3333 879 3382 Lexic.
909 3333 1109 3397 Seguer.
1138 3351 1184 3398 p.
1214 3334 1342 3381 297:
1389 3328 1846 3394 Πωίηκόσταρχος
1874 3335 1945 3393 (v.
1973 3332 2002 3381 l.
