2161 3673
464 232 825 267 MAGISTRATUS
851 234 1178 267 oECONoMIAE
1207 234 1466 268 PUBLICAE.
1807 220 1872 267 65

829 417 1101 487 Τμῆμαγ’.

536 510 813 577 Ἀρχαὶ
887 512 1392 573 διοικήσεως.

840 680 1003 731 Sectio
1044 682 1089 731 3.

331 776 764 840 Magistratus
803 778 1228 826 oeconomiae
1267 777 1592 842 publicae.

901 885 1016 932 250.

190 966 278 1012 Δεῖ
300 961 393 1022 τὴν
417 963 614 1028 βουλὴν
637 962 980 1029 βουλεύεσθαι
1007 969 1113 1029 περὶ
1141 963 1302 1028 πόρου
1323 965 1620 1029 χρημάτων,
1656 968 1748 1013 καὶ
1774 961 1876 1027 φό-

49 1066 140 1110 ρον
165 1045 407 1107 δέξασθαι
432 1051 523 1096 καὶ
550 1050 772 1112 νεωρίων
796 1047 1170 1112 ἐπιμεληθῆναι.

834 1132 1142 1198 (Xenophon
1169 1131 1346 1183 Athen.
1376 1151 1499 1198 resp.
1527 1134 1612 1195 ΙΙΙ,
1643 1134 1733 1195 2.).

901 1240 1016 1287 250.

189 1309 398 1361 Senatus
436 1310 708 1359 necessario
749 1310 988 1359 deliberat
1027 1309 1086 1359 de
1125 1311 1314 1360 ratione
1345 1310 1581 1376 pecuniae
1610 1311 1874 1361 conficiun-

49 1392 165 1454 dae,
199 1394 256 1442 de
284 1395 466 1442 tributo
494 1393 738 1458 exigendo
769 1400 818 1441 et
843 1393 1094 1441 navalium
1120 1411 1283 1442 curam
1310 1394 1450 1458 gerit.

191 1580 323 1639 Τοῦς
350 1582 561 1644 ἔχοντας
586 1579 648 1629 τά
674 1601 725 1629 τε
751 1578 857 1644 ἱεροὶ
886 1585 976 1629 καὶ
1015 1579 1076 1629 τοὶ
1117 1578 1231 1630 ὅσια
1262 1580 1498 1646 χρήματα
1531 1581 1877 1647 καταβάλλειν

45 1668 114 1722 εἰς
139 1663 196 1713 τὸ
222 1665 605 1730 βουλευτήριον·
646 1669 694 1714 εἰ
717 1664 891 1729 δὲμὴ,
930 1665 1024 1725 τήν
1060 1667 1257 1731 βουλήν
1296 1666 1494 1724 αὐτούς
1533 1668 1873 1733 εἰσπράττειν,

46 1755 150 1805 τοῖς
176 1747 352 1812 νόμοις
372 1753 642 1814 χρωμένην
666 1758 771 1806 τοῖς
797 1754 1099 1807 τελωνικοῖς.

915 1826 1190 1885 (Demosth.
1218 1843 1256 1873 e.
1285 1826 1546 1875 Timocrat.
1576 1827 1733 1887 730.)

188 2013 283 2074 Qui
321 2020 421 2062 tam
459 2031 650 2064 sacram
688 2032 830 2080 quam
870 2015 1129 2080 profanam
1168 2016 1429 2081 pecuniam
1455 2023 1648 2078 tenent,
1692 2033 1801 2065 eam
1825 2017 1876 2064 in

48 2102 219 2145 senatu
244 2106 530 2159 numerent3
568 2098 642 2145 sin
669 2097 854 2159 minus,
895 2115 1004 2147 eam
1042 2105 1241 2147 senatus
1285 2100 1630 2163 exigatxutens
1670 2101 1727 2148 iis
1753 2100 1875 2165 legi-

47 2178 164 2240 bus,
204 2197 326 2245 quae
354 2180 404 2229 in
430 2181 727 2247 puineanos
753 2182 880 2230 latae
910 2189 1036 2231 sunt.

905 2288 1021 2336 252.

188 2370 387 2432 Κυρίαν
412 2366 539 2417 εἶναι
568 2366 659 2427 τὴν
683 2366 904 2432 βουλὴν,
946 2364 1001 2425 ὂς
1028 2365 1095 2416 ἂν
1123 2367 1392 2433 πριάμενος
1429 2373 1568 2426 τέλος
1600 2369 1672 2434 μὴ
1713 2390 1876 2419 κατα-

45 2450 175 2514 βάλῃ
194 2490 204 2510 ,
247 2451 352 2500 δεῖν
378 2454 447 2507 εἰς
471 2450 530 2501 τὸ
558 2452 727 2511 ξύλον.
930 2455 1195 2516 (Andocid.
1224 2457 1284 2506 de
1312 2464 1510 2521 myster.
1538 2453 1581 2521 ᾧ.
1612 2456 1733 2516 93.).

903 2564 1020 2612 252.
1362 2566 1365 2568 ’

183 2644 386 2695 Senatui
423 2646 806 2710 quingentorum
844 2646 1064 2695 virorum
1102 2647 1272 2708 liceat,
1314 2647 1591 2712 quicunque
1620 2647 1875 2712 vectigalis

43 2747 70 2777 a
86 2746 136 2778 se
151 2729 391 2794 redempti
416 2728 694 2777 mercedem
719 2728 849 2777 haud
876 2729 1181 2795 dependerit,
1207 2747 1317 2778 eum
1333 2729 1394 2778 ad
1409 2737 1639 2778 truncum
1654 2731 1872 2795 alligare.

187 2921 319 2966 Καθ’
346 2921 563 2967 ἕκαστον
589 2916 826 2966 ἐνιαυτὸν
853 2913 879 2977 ’ἢ
905 2916 1065 2982 βουλὴ
1094 2922 1247 2966 πωλεῖ
1270 2919 1327 2965 τὸ
1356 2915 1607 2981 πορνικὸν
1631 2923 1781 2978 τέλος.

870 3004 1124 3064 (Aeschin.
1153 3021 1192 3052 O.
1224 3003 1468 3053 Timareh.
1498 3001 1540 3069 ξ.
1572 3004 1729 3065 119.).

896 3112 1012 3161 253.

183 3181 392 3231 Senatus
419 3184 679 3246 quotannis
708 3182 879 3232 vendit
905 3181 1120 3244 vectigal
1145 3181 1484 3231 meretricium.

192 3371 250 3417 Oi
284 3370 382 3431 μὲν
421 3370 706 3428 πωληταὶ
748 3367 869 3417 δέκα
909 3371 1003 3416 εἰσι
1040 3365 1134 3415 τὸν
1182 3364 1410 3431 ἀριθμὸν
1450 3364 1654 3434 ἄνδρες,
1707 3365 1774 3424 εἷς
1811 3371 1873 3417 ἐκ

1568 3455 1591 3491 5
