2114 3642
690 181 1097 213 COMMENTARIUS
1125 179 1194 211 AD
1227 178 1330 213 1141.
1362 178 1466 211 1142.
1891 170 1990 215 567

145 308 362 372 liantque
390 308 584 368 cognati
614 307 878 369 inglorios„
920 324 1075 369 neque
1116 309 1344 356 columna
1386 324 1541 370 neque
1587 309 1784 356 nomine
1826 312 1985 374 sepul&

145 389 317 437 chrum
344 390 630 438 indicantes.

288 473 327 519 Ε
353 472 460 536 lege
490 472 808 538 Cypriorum,
839 491 983 536 quam
1015 473 1162 521 refert
1192 474 1283 521 Dio
1312 474 1696 539 Chryssmtomus
1726 474 1887 531 (Orat.
1907 477 1986 526 64.

144 574 188 620 p.
219 557 366 615 592),
406 556 488 620 qui
516 573 566 604 se
593 555 864 613 interfecit,
906 556 1179 620 insepultus
1207 557 1544 621 abjiciebatur.

285 639 498 688 Milesias
538 639 754 702 virgines
794 639 1007 702 quodam
1043 646 1262 704 tempore
1298 647 1438 688 atrox
1478 640 1627 688 animi
1654 639 1852 687 incessit
1879 658 1986 704 per-

142 722 370 770 turbatio.
424 720 596 770 Subito
638 739 807 770 omnes
847 723 1016 770 mortis
1059 722 1300 787 cupiditas
1342 731 1388 770 et
1430 722 1491 770 ad
1532 722 1684 770 vitam
1718 722 1985 787 suspendio

142 804 411 852 finiendam
439 803 650 852 furiosus
678 805 886 868 impetus
915 806 1041 867 egit,
1084 814 1131 852 et
1170 805 1351 853 multae
1389 822 1437 852 se
1467 805 1598 868 ipsas
1627 805 1754 853 clam
1782 822 1985 870 suspen-

142 886 339 935 debant.
395 887 562 934 Verba
591 894 637 935 et
664 888 894 936 lacrimae
929 896 1191 952 parentum
1230 887 1598 950 amicorumque
1625 886 1841 952 alloquia
1867 887 1988 935 nihil

142 970 403 1029 valebant,
432 970 515 1018 std
544 988 649 1018 sese
677 970 1029 1018 interficiendis
1059 987 1251 1018 onmem
1281 971 1410 1033 ipsas
1439 969 1818 1018 custodientium
1844 970 1983 1018 indu-

141 1053 308 1101 striam
336 1061 483 1117 atque
513 1053 831 1101 calliditatem
859 1054 1146 1107 vincebant3
1189 1052 1344 1100 donec
1372 1052 1571 1116 quidam
1600 1052 1743 1101 homo
1772 1052 1984 1117 prudens

140 1136 300 1199 legem
326 1135 686 1200 promulgavit,
717 1154 838 1199 quae
860 1137 1087 1200 juberet:
1130 1153 1156 1183 o
1173 1153 1220 1182 111
1237 1154 1268 1183 11
1286 1153 1308 1182 e
1328 1154 1348 1182 s
1376 1152 1452 1199 qu
1470 1151 1495 1182 a
1513 1153 1536 1182 e
1567 1153 1587 1181 s
1604 1135 1616 1181 i
1633 1135 1694 1182 bi
1723 1154 1742 1182 s
1760 1152 1789 1182 u
1806 1153 1873 1201 sp
1891 1153 1914 1183 e
1933 1153 1985 1183 n-

141 1218 244 1267 dio
272 1226 542 1267 mortem
569 1220 1094 1268 conscivissent.
1124 1218 1327 1267 nudas
1363 1235 1472 1281 per
1500 1218 1709 1266 forum
1737 1217 1986 1267 efferri.

141 1298 273 1361 (Τάς
301 1297 662 1367 ἀπαγχομένας
693 1298 887 1367 γυμνάς
916 1302 1285 1362 ἐκκοιιιίζεσῦαι
1318 1297 1399 1346 διά
1442 1297 1526 1359 τῆς
1568 1296 1798 1365 ἀγοράς.)
1852 1302 1987 1351 Haec

137 1386 216 1434 lex
245 1386 434 1439 sancita
462 1386 678 1434 abolevit
718 1387 852 1434 illam
894 1403 991 1450 qua
1031 1386 1245 1448 virgines
1275 1385 1572 1433 laborabant
1600 1386 1772 1434 mortis
1800 1384 1985 1449 cupidi-

138 1477 316 1529 tatemg
356 1486 467 1517 nam
508 1486 631 1533 quae
674 1469 793 1516 1111111
834 1468 1164 1518 formidabant
1203 1476 1433 1527 mortem,
1476 1468 1791 1532 turpitudinis
1816 1467 1985 1530 imagi-

138 1552 388 1601 nationem
417 1570 514 1600 11011
542 1552 879 1616 pertulerunt.
922 1570 1083 1616 neque
1111 1553 1450 1600 sustinuerunt
1477 1550 1692 1599 dedecus
1720 1558 1833 1616 post
1859 1568 1983 1599 mor-

139 1645 238 1684 tem
278 1636 396 1701 ipsis
435 1641 740 1683 eventurum.
784 1635 1176 1693 (Plutarch.:
1217 1635 1303 1682 De
1347 1633 1689 1682 mulierum
1730 1634 1987 1682 virtuti-

141 1719 268 1768 bus'
308 1719 424 1777 XL)
911 1787 1010 1839 Ad
1042 1787 1196 1839 1142

282 1900 321 1948 Ε
350 1900 656 1965 praescripto
684 1900 876 1963 Legum
905 1901 1126 1948 Platonis
1155 1900 1300 1960 (877,
1331 1900 1532 1958 B—-D).
1575 1900 1613 1947 si
1642 1897 1781 1947 liberi
1809 1914 1984 1962 paren-

140 1992 237 2043 tes,
282 1983 361 2031 vel
388 2000 561 2031 servus
589 1983 867 2042 dominum,
910 1984 947 2031 si
988 1983 1139 2031 frater
1178 1983 1378 2031 fratrem
1419 1999 1703 2030 sororemve
1745 1981 1825 2028 vel
1851 1996 1986 2029 soror

139 2068 339 2115 fratrem
368 2066 446 2114 vel
473 2083 693 2115 sororem
721 2066 943 2114 consulto
974 2066 1276 2122 vulneravit,
1319 2083 1450 2113 mors
1488 2081 1652 2129 poena
1678 2065 1752 2112 sit.
1807 2062 1985 2112 Mulier

139 2157 327 2209 autem,
370 2165 493 2213 quae
533 2148 761 2197 maritum
801 2167 942 2197 suum
970 2147 1225 2197 occidendi
1253 2165 1400 2197 causa
1427 2146 1731 2202 vulneravit,
1774 2146 1854 2194 vel
1884 2146 1985 2203 vir,

139 2234 222 2298 qui
260 2248 462 2282 uxorem
501 2249 663 2292 suam,
706 2233 754 2280 in
795 2240 1088 2298 perpetuum
1126 2231 1242 2281 exul
1283 2238 1401 2280 esto.
1457 2229 1621 2279 Liberi
1661 2237 1826 2278 autem
1853 2227 1986 2277 nulla

138 2316 301 2366 alendi
329 2316 484 2365 exulis
513 2316 804 2364 necessitate
831 2324 1068 2364 tenentor.

281 2401 407 2448 Item
433 2399 578 2460 (878,
599 2398 803 2459 e—D),
833 2400 892 2448 de
918 2399 1206 2448 vulneribus
1233 2400 1300 2448 ita
1325 2399 1472 2447 illatis
1501 2398 1857 2447 condemnatus
1884 2396 1982 2461 pri-

140 2500 273 2531 mum
315 2482 514 2547 quidem
553 2482 719 2531 damni
758 2483 946 2548 pendat
986 2482 1215 2548 duplum,
1257 2483 1296 2530 si
1324 2483 1503 2530 vulnus
1544 2480 1762 2530 sanabile
1802 2478 1982 2537 evasit,

138 2565 487 2615 insanabilium
517 2582 632 2614 vero
660 2566 1001 2631 quadruplum.
1055 2565 1139 2614 Sin
1179 2574 1344 2615 autem
1386 2564 1605 2613 sanabile
1647 2563 1844 2628 quidem
1883 2569 1980 2613 est.

139 2650 223 2699 sed
251 2648 489 2698 dedecore
520 2651 832 2699 vulneratum
873 2666 1056 2713 magno
1085 2649 1240 2699 afficit
1270 2658 1315 2698 et
1344 2648 1610 2713 probroso,
1653 2645 1982 2712 quadruplum

139 2732 404 2799 persolvat.
444 2733 635 2793 Quibus
664 2750 780 2781 vero
808 2733 955 2782 illatis
983 2733 1125 2782 alicui
1153 2732 1325 2797 aliquis
1352 2731 1664 2790 vulneribus,
1694 2747 1794 2778 non
1821 2729 1979 2778 solum

139 2817 206 2876 ei,
251 2817 326 2864 cui
367 2815 554 2875 intulit,
595 2816 825 2864 damnum
867 2815 1007 2875 facit,
1050 2833 1219 2864 verum
1261 2816 1404 2864 etiam
1445 2814 1656 2873 civitati,
1698 2813 1815 2861 dum
1842 2812 1979 2860 illum

140 2900 372 2949 facultate
401 2899 564 2963 privat
592 2900 778 2964 patriae
805 2900 1036 2948 adversus
1066 2900 1230 2948 hostes
1259 2896 1550 2956 auxiliandi,
1579 2898 1616 2945 is
1645 2914 1756 2946 cum
1784 2895 1982 2960 reliquis

140 2982 335 3032 mulctis
363 2982 548 3030 civitati
577 2998 770 3046 quoque
799 2982 1030 3030 damnum
1058 2982 1334 3047 persolvat,
1374 2987 1568 3045 praeter
1595 2997 1707 3029 suas
1735 2980 1864 3028 enim
1892 2997 1979 3026 1111-

138 3067 266 3115 litias
295 3067 441 3114 etiam
469 3084 557 3131 pro
586 3064 694 3123 illo,
735 3065 815 3129 qui
844 3083 940 3114 non
980 3073 1167 3130 potest,
1209 3064 1415 3112 militato
1447 3064 1647 3128 ejusque
1674 3064 1725 3111 in
1751 3061 1881 3111 bello
1909 3061 1978 3109 10-

139 3168 223 3197 cos
253 3151 472 3213 expleto,
515 3156 597 3196 aut
625 3149 661 3195 si
690 3166 789 3195 non
819 3149 991 3200 saciat,
1034 3148 1252 3196 desertae
1294 3147 1496 3195 militiae
1529 3146 1767 3212 judicium
1805 3145 1866 3194 ab
1895 3161 1977 3200 00,

140 3233 219 3296 qui
247 3233 405 3292 volet,
447 3233 609 3281 subire
640 3232 840 3293 cogitor.
897 3231 1077 3280 Damni
1107 3249 1222 3279 vero
1252 3230 1489 3295 pretium.v
1519 3231 1620 3279 sive
1650 3230 1849 3294 duplum
1878 3227 1977 3276 sive

140 3314 338 3379 triplum
364 3316 466 3365 sive
495 3315 641 3364 etiam
669 3314 996 3380 quadruplum
1019 3313 1210 3379 judices
1239 3320 1503 3367 statuunto„
