2161 3673
271 225 339 272 70
995 228 1076 261 JUS
1100 222 1247 258 PUBLI
1255 223 1376 257 CUM.

1119 348 1236 398 271.

413 430 788 484 Hellenotamiis
827 427 967 475 detur
1003 439 1093 489 pro
1132 420 1375 486 equitibus
1413 420 1644 471 frumenti
1683 421 1894 488 pecunia
1919 437 1979 472 ex
2004 419 2093 473 Mi-

274 534 455 568 nervae
482 514 698 565 Poliadis
725 518 772 560 et
798 506 1022 557 Victricis
1048 503 1281 571 pecuniis.

1124 611 1239 660 272.

421 707 535 758 Τοῖς
574 696 745 753 αὐτοῖς
780 690 1200 757 “Ελληνοταμίαις
1242 690 1549 757 παραδόσθω
1592 697 1638 748 ἐς
1686 689 1780 751 τήν
1830 690 2099 756 διωβελίαν

268 784 514 851 χρήματα.
896 776 1068 843 (Oorp.
1094 778 1312 844 inscript.
1339 795 1410 843 gr.
1435 776 1492 827 N.
1524 777 1638 827 147.
1665 777 1800 844 Pryt.
1828 776 1957 837 HL).

1130 883 1246 932 272.

414 959 594 1012 Iisdem
619 955 993 1008 Hellenotamiis
1020 954 1162 1004 detur
1186 956 1394 1020 pecunia
1418 955 1480 1005 ad
1509 955 1784 1004 diobeliam.

1133 1061 1249 1110 273.

407 1145 829 1210 ςΕλληνοταμιάις
856 1141 1164 1209 παραδόσθω
1192 1143 1450 1210 στρατηγῷ
1477 1140 1856 1212 ἀνομολὸγημα.

892 1230 1065 1296 (Corp.
1092 1230 1310 1295 inscript.
1336 1246 1410 1294 gr.
1437 1229 1497 1278 N.
1528 1227 1641 1278 147.
1669 1229 1806 1294 Pryt.
1834 1228 1962 1290 VLJ.

1134 1338 1250 1387 273.

417 1410 790 1462 Hellenotamiis
817 1410 957 1459 detur
982 1410 1193 1476 pecunia
1205 1426 1296 1475 pro
1318 1409 1439 1458 duce
1467 1409 1718 1474 copiarum
1737 1409 1884 1474 juxta
1907 1415 2107 1473 pactum

277 1504 586 1548 conventum.

1135 1564 1251 1612 274.

427 1652 464 1698 Θ
479 1668 499 1698 ε
516 1668 551 1696 ω
567 1666 593 1712 ρ
608 1667 623 1695 ι
637 1644 714 1706 κὴ
756 1643 787 1694 ἀ
803 1665 878 1710 ρχ
894 1643 946 1705 ἡ,
985 1646 1033 1694 οἱ
1059 1640 1301 1710 ἄρχοντες
1327 1643 1431 1693 τῶν
1459 1643 1725 1710 θεωρικῶν
1743 1641 2036 1710 χρημάτων.

1101 1730 1327 1791 (Bekker
1351 1728 1538 1780 Anecd.
1565 1747 1636 1795 gr.
1663 1731 1700 1780 Ι.
1727 1749 1774 1797 p.
1803 1731 1967 1790 264).

1133 1826 1248 1874 274.

422 1901 737 1965 Magistratus
763 1899 1009 1948 theoricus
1035 1904 1149 1947 sunt
1161 1896 1399 1963 praefecti
1425 1897 1751 1948 theoricamm
1775 1897 2110 1963 pecuniarum.

428 2085 653 2153 Θεωρικὰ
679 2085 729 2136 δὲ
749 2083 986 2151 χρήματα
1023 2083 1086 2133 τὰ
1123 2088 1191 2142 εἰς
1229 2083 1317 2142 τὰς
1357 2083 1529 2149 ἑορτὰς
1566 2088 1654 2134 καὶ
1699 2084 1836 2136 θεῶν
1869 2084 2016 2151 τιμάς
2040 2086 2111 2152 τῷ

283 2172 462 2232 πλήθει
489 2171 755 2237 νεμόμενα.
1141 2243 1239 2290 275
1415 2171 1617 2232 (Pollux
1644 2171 1782 2230 VIII,
1813 2172 1970 2232 113.).

427 2318 698 2368 Theoricae
726 2323 891 2364 autem
916 2315 1152 2380 pecuniae
1179 2323 1313 2376 sunt,
1354 2331 1478 2379 quae
1504 2314 1556 2363 in
1578 2314 1703 2364 festa
1728 2322 1776 2364 et
1801 2313 2002 2364 deorum
2028 2315 2113 2364 ho-

287 2419 428 2452 nores
454 2400 637 2468 populo
664 2398 1036 2449 distribuuntur.
1141 2468 1242 2515 276

429 2553 760 2621 Λογισταί
799 2552 892 2599 εἰσι
932 2547 1023 2597 τὸν
1062 2547 1292 2614 ἀριθμὸν
1331 2548 1479 2607 δέκα,
1532 2552 1586 2598 οἳ
1622 2548 1708 2605 τὰς
1747 2548 1972 2608 εὐθύνας
2011 2552 2115 2600 τῶν

293 2637 616 2702 διῳκημένων
643 2636 996 2701 ἑκλογίζονται
1025 2636 1081 2681 ἐν
1109 2627 1306 2697 ἡμέραις
1344 2631 1648 2696 τριάκοντα,
1691 2630 1817 2682 ὅταν
1841 2632 1928 2692 τὰς
1954 2631 2116 2698 ἀρχάς

294 2718 591 2769 ἀποθῶνται
631 2721 678 2769 οἱ
717 2713 973 2783 ἄρχοντες.
1038 2714 1346 2783 Λογιστήρια
1397 2714 1440 2764 δ’
1485 2719 1587 2766 ἐστὶ
1625 2714 1686 2764 τοὶ
1727 2714 1830 2766 τῶν
1867 2717 2117 2785 λογιστῶν

295 2800 484 2867 ἀρχεῖα.
1147 2871 1247 2919 276
1581 2802 1974 2869 (HarpocratiO.)

438 2947 667 3009 Logistae
695 2955 807 2996 sunt
833 2962 1035 2995 numero
1062 2944 1248 3004 decem,
1278 2944 1360 3009 qui
1387 2945 1596 2994 rationes
1623 2962 1786 2994 rerum
1810 2943 2117 2996 administra-

297 3039 455 3080 tarum
495 3029 695 3092 exigunt
730 3031 859 3079 intra
895 3029 1098 3093 triginta
1136 3028 1325 3076 dierum
1364 3028 1576 3092 spatium
1615 3029 1676 3078 ab
1713 3029 1797 3088 iis,
1843 3029 1925 3094 qui
1963 3030 2117 3095 magi-

299 3120 452 3163 stratu
479 3111 732 3162 decedunt.
782 3112 1055 3178 Logisteria
1080 3127 1198 3160 vero
1225 3119 1337 3159 sunt
1365 3111 1528 3161 curiae
1553 3111 1853 3177 logistarum.

1149 3218 1266 3268 277.

444 3283 691 3355 Λογιστὴς
717 3287 923 3348 ἑκάστης
950 3288 1112 3351 φυλῆς
1138 3285 1219 3346 εἷς.

1063 3362 1250 3425 (Schol.
1276 3363 1327 3411 in
1353 3359 1578 3412 Aeschin.
1607 3358 1823 3427 Ctesiph.
1855 3361 1974 3425 15.).
