2114 3642
732 173 1141 205 COMMENTARIUS
1171 173 1239 205 AD
1267 172 1348 206 384.
1378 173 1460 207 385.
1921 158 2017 205 471

180 297 227 345 id
257 306 330 347 est
358 299 562 360 electos,
591 299 704 348 hinc
732 298 967 364 conjicio,
1007 318 1091 349 eos
1120 317 1179 350 ex
1208 301 1433 349 omnibus
1466 298 2021 352 Atlieniensibus.fuisse

178 389 377 430 sumtos.

960 451 1058 503 Ad
1088 452 1240 504 384.

321 562 418 611 Sed
459 580 555 626 quo
596 569 740 626 pacto
781 579 883 609 sors
925 563 1124 610 creabat
1170 579 1392 610 novem
1431 561 1693 610 archontes
1734 577 1758 608 e
1799 560 2019 609 decem

178 646 439 693 tribubus?
478 646 603 693 Rem
631 644 841 710 explicat
881 645 1029 693 schol.
1058 646 1108 692 in
1137 644 1482 710 Alistophanis
1510 645 1655 709 Vesp.
1685 645 1786 691 774
1816 652 1863 692 et
1891 644 2018 692 Plut.

179 730 294 776 277:
325 728 369 774 οἱ
403 729 713 774 &samanae
742 728 945 787 (lectius
972 731 1114 774 ἐννέα
1143 722 1412 789 ἄρχοντες)
1438 729 1527 773 καὶ
1557 719 1821 780 δίκατοςὸ
1795 742 2018 791 ογραμ-

172 828 361 872 αατεις
399 808 641 872 κ2ηοοῦσι
682 805 803 863 τούς
844 807 1086 865 δικαστας
1128 828 1244 863 τους
1282 807 1365 866 '5525
1405 806 1559 867 αὐτηε
1602 807 1763 868 (ρι’)ἧς
1790 812 2016 864 ἕκαστος.

177 893 614 954 (Thesmothetae,
668 911 752 941 seu
799 894 961 958 potius
1000 910 1179 941 novem
1217 893 1474 941 archontes
1516 900 1562 941 et
1602 893 1818 942 decimus
1858 894 2019 942 scriba

175 984 303 1025 sorte
330 976 503 1040 legunt
522 976 715 1041 judices
743 976 964 1041 ejusdem
995 976 1150 1024 tribus
1178 977 1440 1039 singulus.)
1492 976 1580 1023 Et:
1622 975 1669 1020 οἱ
1706 977 2014 1022 θεσμοθέται

175 1060 483 1123 (ponendum
524 1057 571 1104 οἱ
610 1060 754 1105 ἐννέα
783 1052 1051 1119 ἄρχοντες)
1092 1054 1226 1104 κατὰ
1255 1053 1426 1117 (ρυ2ήν
1452 1060 1663 1112 ἔκαστο5
1686 1060 1775 1104 καὶ
1806 1056 2015 1113 δέκατω

174 1161 201 1187 o
231 1139 551 1207 γραμματεύς
591 1141 665 1202 (id
693 1149 766 1191 est
804 1142 851 1187 οἱ
890 1144 1033 1188 ἐννέα
1075 1135 1317 1203 ἄρχοντες
1356 1159 1445 1187 και
1482 1141 1690 1194 δέκατος
1718 1161 1744 1187 o
1777 1159 2015 1207 γραμμα-

174 1222 284 1280 mi„
324 1222 457 1272 κατά
500 1221 671 1285 (ρυ2ἡν
711 1229 961 1283 ἕκαστος)
1000 1222 1253 1287 ἑκ2ηοουι
1295 1234 1384 1274 etc.
1453 1227 1611 1289 Igiuu
1661 1222 2037 1289 γραιιματεύς,’

173 1326 316 1373 quem
357 1309 619 1358 archontes
658 1309 748 1357 sibi
791 1309 1114 1373 adlegebant,
1156 1310 1294 1374 quasi
1335 1310 1553 1358 decimus
1582 1309 1767 1358 archon
1798 1317 1871 1357 est
1897 1327 2009 1358 con-

171 1392 470 1442 sideraudus.

313 1477 508 1524 Novem
535 1475 821 1537 archontes,
850 1482 1129 1536 senatoreS,
1160 1476 1428 1540 euthynos,
1460 1477 1690 1539 logistas,
1721 1482 2014 1541 receptores,

170 1560 492 1607 certaminum
520 1560 756 1619 arbitros,
799 1561 879 1623 qui
908 1567 1037 1608 sorte
1065 1560 1388 1619 creabantur,
1431 1559 1651 1607 tributim
1677 1567 1864 1608 sumtos
1892 1560 2009 1608 fuis-

170 1660 247 1701 se,
292 1649 459 1708 aperte
487 1650 728 1692 testantur
755 1644 918 1692 fontes
945 1643 1126 1706 graeci.
1168 1643 1297 1692 Hinc
1325 1661 1413 1708 per
1440 1643 1722 1707 analogiam
1750 1642 2009 1701 concludo,

170 1724 316 1774 etiam
343 1726 581 1790 reliquos,
621 1726 672 1773 in
709 1725 821 1790 lege
860 1742 967 1774 mea
1007 1733 1328 1787 memoratos,
1370 1732 1499 1774 sorte
1536 1733 1727 1775 creatos
1754 1725 2011 1789 magistra-

169 1815 273 1869 tus,
317 1826 340 1856 e
369 1809 588 1873 qualibet
616 1808 764 1857 fuisse
792 1809 938 1856 tribu.

950 1935 1048 1988 Ad
1075 1936 1228 1988 385.

310 2049 495 2096 Iterum
522 2064 581 2097 ex
608 2048 850 2112 analogia.
896 2049 1021 2096 Nam
1050 2047 1088 2095 si
1116 2055 1244 2095 sorte
1273 2049 1422 2096 creati
1451 2048 1767 2111 magistratus
1794 2047 2008 2095 tributim

168 2131 511 2191 sumebantur,
553 2133 773 2196 sequitur
813 2131 959 2180 etiam
997 2131 1191 2179 inverse
1233 2131 1453 2179 tributim
1482 2139 1668 2179 sumtos
1696 2131 2008 2195 magistratus

166 2222 294 2262 sorte
323 2223 513 2266 creatos
543 2216 706 2263 fuisse.
758 2216 833 2263 De
863 2215 1108 2270 πωληταῖς
1137 2222 1298 2262 autem
1338 2223 1507 2279 aperte
1537 2215 1652 2263 dicit
1680 2215 2007 2280 Harpocratio

166 2293 232 2350 εἷς
261 2300 318 2344 ἐκ
345 2295 428 2354 τῆς
456 2294 617 2356 φυλῆς
648 2293 869 2353 ἑκάστης.

305 2393 662 2441 Difficultatem
688 2392 887 2457 pariunt
912 2393 1271 2453 ococs4101‘mmt‘,
1301 2393 1360 2440 dc
1389 2393 1565 2457 quibus
1593 2393 1799 2455 legimus
1818 2393 1868 2440 in
1885 2393 2002 2441 Lex.

166 2474 368 2538 Seguer.
399 2493 444 2539 p.
474 2475 602 2523 301:
644 2468 889 2537 ἄρχοντες
921 2476 1406 2536 χὸιροτονητοί
1437 2513 1443 2520 .
1475 2513 1484 2522 .
1516 2513 1525 2522 .
1555 2514 1564 2523 .
1595 2471 1805 2531 ἑκάστης
1843 2473 2005 2535 φυλῆς

165 2552 246 2610 εἷς.
300 2557 425 2606 Cum
464 2566 627 2606 tamen
666 2559 813 2607 ceteri
854 2567 983 2607 sorte
1024 2560 1172 2607 creati
1211 2560 1526 2623 magistratus
1563 2577 1585 2606 e
1615 2559 1835 2622 qualibet
1873 2559 2002 2607 tribu

164 2640 367 2701 fuerint,
398 2641 479 2689 vix
507 2641 798 2690 crediderim
826 2643 1189 2708 sopluonistas,
1216 2650 1387 2708 utpote
1417 2642 1634 2690 tributim
1662 2648 1873 2704 sunites,
1902 2644 2000 2691 suf-

163 2724 319 2788 fragio
346 2723 493 2772 fuisse
522 2725 717 2774 electos

306 2806 379 2856 Cf.
409 2803 452 2871 ξ.
480 2806 596 2855 374.

307 2889 551 2937 Ordinum
590 2889 739 2938 duces
779 2897 825 2939 et
864 2892 1073 2951 tribuni,
1127 2908 1423 2955 quamquam
1465 2907 1488 2937 c
1529 2891 1736 2954 singulis
1775 2892 1998 2941 tribubus

163 2973 334 3033 sumti,
374 2990 473 3020 non
513 2979 644 3021 sorte
684 2973 768 3022 sed
809 2975 1044 3036 suffragio
1085 2960 1393 3022 creabantur.
1448 2974 1609 3021 Causa
1634 2974 1685 3021 in
1714 2983 1884 3039 aperto
1913 2986 1997 3025 est.

163 3054 359 3103 Scilicet
398 3056 616 3120 equitum
654 3055 702 3102 in
741 3074 997 3105 numerum
1038 3075 1096 3105 cx
1138 3057 1260 3119 legis
1301 3058 1606 3122 praescripto
1634 3058 1665 3106 ii
1693 3067 1834 3108 erant
1868 3061 1994 3109 refe-

163 3138 329 3199 rcndi,
369 3139 450 3203 qui
491 3146 538 3186 et
577 3137 893 3188 facultatibus
930 3147 977 3188 et
1004 3139 1191 3187 viribus
1219 3139 1434 3204 corporis
1461 3147 1780 3203 praestarent.
1832 3142 1996 3190 Tanto

163 3220 319 3283 magis
358 3221 511 3285 igitur
547 3228 795 3286 praestare
834 3222 1084 3271 debebant
1122 3222 1441 3271 facultatibus
1475 3230 1519 3271 et
1548 3225 1734 3273 viribus
1774 3227 1993 3291 corporis

164 3302 380 3366 equitum
407 3305 667 3370 praefecti,
710 3323 795 3354 seu
822 3305 1029 3365 tribuni,
1074 3306 1203 3369 quod
1243 3307 1392 3355 tutius
1419 3308 1723 3372 probabatur
1750 3310 1994 3374 suffragiis
