2114 3642
176 203 279 251 636
577 219 983 255 coMMENTARms
1011 216 1079 249 An
1112 211 1213 251 1540.
1244 214 1348 251 1544.
1376 214 1480 251 1546.
1510 214 1614 251 1547.

173 346 376 398 tribules
404 366 462 398 ac
487 348 765 415 populares.
819 344 1104 396 Nonnullae
1145 351 1308 395 autem
1347 346 1606 396 societates
1644 353 1850 414 propter
1877 348 2015 398 volu-

173 437 359 495 ptatem
386 431 656 497 comparari
684 428 938 487 videntur,
979 434 1032 476 ut
1071 428 1299 479 sodalitia
1325 446 1494 481 eorum
1520 430 1601 496 qui
1629 431 1691 480 ad
1718 431 1903 481 cultum
1928 431 2015 481 ali-

173 515 312 581 cujus
338 515 550 564 numinis
578 530 675 561 una
702 512 964 577 epulantur
989 530 1049 563 ac
1078 511 1261 573 saltant
1282 512 1581 577 (θιασωτῶν
1593 515 1685 563 καὶ
1699 511 2017 578 ἐρανιστῶν).

933 666 1034 722 Ad
1057 670 1248 724 1540.

314 782 643 847 Harpocratio
681 781 730 829 in
760 781 855 826 Πλ
875 775 1128 843 ηρωτής.
1170 776 1448 844 Πληρωτάς
1482 776 1709 828 ἐκάλουν
1735 775 1855 834 τούς
1882 775 2015 826 ἀπο-

173 862 403 921 διδόντας
429 861 523 912 τὸν
551 864 737 931 ἔρανον
762 870 869 919 τοῖς
896 857 1005 922 ἤτοι
1033 861 1289 925 λαχοῦσιν
1317 860 1346 922 ἢ
1371 859 1683 926 εῶνημένοις.
1736 859 1856 910 Εἶεν
1883 860 1927 910 δ’
1949 857 2017 910 ἄν

173 940 318 995 οὗτοι
359 949 407 995 οἱ
446 952 560 1012 παρ’
590 942 712 1011 ἡμῖν
750 944 1065 1010 καλούμενοι
1099 944 1389 1012 ἐρανάρχαι.
1430 943 1739 1010 [Πληρωτάς
1766 948 2018 997 vocabant

167 1048 248 1080 eos
275 1034 356 1098 qui
384 1051 589 1084 eranum
615 1031 889 1083 reddebant
914 1033 999 1094 iis,
1041 1033 1124 1097 qui
1165 1033 1244 1083 vel
1283 1033 1456 1084 sortito
1495 1038 1730 1099 ceperant
1769 1032 1850 1081 vel
1883 1048 2013 1080 eme-

164 1123 288 1166 rant.
327 1117 393 1167 Hi
418 1126 581 1169 autem
608 1119 789 1169 fuerint
813 1118 907 1178 illi,
935 1117 1018 1182 qui
1044 1117 1189 1166 nobis
1215 1124 1330 1166 sunt
1364 1115 1683 1166 eranarch
1699 1117 1811 1175 ae.)

307 1202 619 1252 Eranarchae
658 1210 823 1252 autem
862 1208 1005 1252 erant
1044 1201 1300 1267 praesides
1340 1199 1532 1265 collegii
1572 1199 1896 1249 eranistarum
1936 1199 2015 1248 vel

164 1302 349 1336 coenae
375 1286 654 1337 collatitiae.

307 1369 384 1419 Cf.
413 1369 600 1421 Lexica
626 1370 828 1435 Seguer.
857 1389 904 1436 p.
933 1370 1052 1419 203.
1104 1368 1414 1419 Salmasii
1455 1367 1702 1417 observat.
1737 1366 1799 1417 ad
1817 1366 1901 1432 jus
1930 1364 2013 1416 At-

165 1455 316 1502 ticum
342 1460 392 1502 et
417 1455 622 1504 Roman.
663 1472 701 1504 c.
731 1455 761 1504 l.
802 1454 918 1521 quid
957 1454 1020 1503 sit
1058 1453 1250 1516 ἔρανος.
1303 1455 1427 1503 Item
1468 1450 1743 1502 Heraldi
1782 1449 2016 1500 Animad-

164 1554 290 1587 vers.
320 1537 404 1599 VI,
438 1539 596 1601 1-—83
636 1546 684 1588 et
708 1538 758 1589 J.
785 1538 836 1600 J.
864 1555 986 1588 van
1013 1536 1233 1588 Holst:
1263 1536 1323 1586 de
1353 1536 1514 1586 eranis
1541 1543 1692 1585 veter.
1721 1535 1900 1586 Graec.
1928 1534 2014 1583 im-

164 1621 333 1688 primis
359 1638 420 1671 ex
438 1622 552 1688 jure
579 1619 758 1672 Attico.
798 1620 986 1686 (Lugd.
1015 1622 1121 1671 Bat.
1152 1621 1332 1681 1832.)

938 1774 1038 1829 Ad
1061 1775 1252 1829 1544.

306 1887 429 1939 Ath
446 1907 517 1938 en
536 1905 604 1938 ae
622 1906 688 1937 us
716 1889 856 1948 XIII,
887 1886 1015 1935 612:
1050 1885 1281 1936 Socrates
1309 1899 1451 1933 usum
1479 1890 1870 1947 unguentorum,
1898 1897 2013 1946 qua-

161 1972 219 2022 lis
247 1973 398 2038 vulgo
425 1972 640 2033 obtinet,
677 1970 1076 2037 improbaverat:
1117 1969 1191 2018 cui
1233 1967 1392 2019 eidem
1426 1968 1519 2017 arti
1547 1966 1703 2017 Solon
1730 1967 1842 2031 lege
1870 1981 2010 2015 cave-

166 2063 243 2105 rat
270 2074 331 2106 ne
359 2057 435 2105 vir
460 2057 721 2122 quisquam
747 2062 1012 2122 praeesset.

930 2195 1030 2248 Ad
1054 2196 1244 2249 1546.

308 2307 384 2358 Ad
413 2307 575 2358 Schol.
605 2306 800 2355 Pindar.
844 2307 984 2355 Nem.
1012 2307 1075 2368 X,
1105 2306 1197 2353 64:
1240 2300 1345 2351 οὐκ
1374 2303 1475 2351 ἔστι
1507 2301 1555 2350 δὲ
1584 2297 1809 2368 ἐξαγωγὴ
1837 2301 2013 2349 ἐλαίου

164 2396 213 2450 ἐξ,
247 2388 524 2449 Ἀθηνῶν,
564 2387 699 2453 εἰμὴ
727 2395 833 2444 τοῖς
869 2387 1078 2446 νικῶσι,
1116 2396 1322 2438 annotat
1361 2387 1536 2437 Bockh
1580 2387 1751 2447 (Tem.
1779 2388 1814 2435 Ι.
1843 2404 1889 2451 p.
1919 2386 2013 2444 61)

165 2476 558 2542 exportationem
585 2476 677 2525 olei
705 2492 805 2524 non
832 2475 983 2524 fuisse
1010 2474 1333 2534 illimitatam‚
1369 2473 1417 2522 id
1446 2479 1521 2521 est
1546 2489 1576 2521 a
1601 2470 1860 2534 vectigalis
1886 2470 2012 2520 solu-

164 2560 294 2609 tione
321 2561 616 2620 immunem,
643 2560 735 2609 nisi
765 2559 1034 2609 victoribus
1063 2557 1452 2625 panathenaicis.

308 2655 382 2704 Cf.
411 2655 557 2722 Corp.
587 2656 731 2704 inscr.
756 2672 829 2719 gr.
860 2655 944 2704 Nr.
973 2655 1090 2716 355,
1133 2654 1216 2702 ubi
1257 2653 1537 2702 cont-inetur
1569 2651 1806 2701 Hadriani
1847 2650 2012 2699 decre-

168 2744 269 2787 tum
296 2739 354 2789 de
384 2740 724 2807 exportatione
753 2738 861 2787 olei.

938 2854 1038 2907 Ad
1065 2854 1254 2907 1547.

313 2965 637 3016 Plutarch.
680 2966 712 3015 S
731 2967 804 3015 ol.
846 2967 926 3014 24.
991 2966 1065 3014 Ne
1098 2965 1202 3030 jam
1244 2963 1391 3013 fidem
1432 2962 1630 3011 omnino
1671 2959 2012 3024 abrogandam

172 3046 416 3112 quispiam
443 3058 579 3113 putet
605 3051 727 3110 illis,
767 3052 850 3116 qui
888 3049 1056 3098 dicunt
1095 3051 1274 3098 ficuum
1313 3063 1507 3113 quoque
1535 3044 1801 3110 antiquitus
1828 3043 2010 3093 auctio-

171 3147 286 3179 nem
312 3131 623 3195 prohibitam,
650 3135 862 3199 indeque
890 3152 911 3183 s
926 3151 958 3199 y
975 3151 1001 3182 c
1017 3150 1044 3182 0
1060 3151 1092 3198 p
1107 3132 1137 3180 h
1153 3138 1341 3181 antas
1368 3131 1577 3197 primum
1606 3127 1903 3187 nominatos,
1929 3128 2013 3192 qui

172 3215 354 3264 ficuum
380 3222 721 3279 exportatores
748 3217 1035 3267 indicarent.

316 3307 437 3359 Ath
455 3326 691 3360 enaeus
718 3314 806 3373 III,
836 3313 930 3360 74:
971 3314 1095 3362 Ister
1122 3313 1170 3360 in
1200 3310 1373 3360 Atticis
1399 3311 1492 3358 ait:
1521 3309 1727 3359 vetitum
1753 3307 1899 3357 fuisse
1928 3306 2010 3357 At-

172 3395 292 3445 ticas
319 3399 579 3463 exportare
608 3395 747 3454 fimm,
776 3404 828 3445 ut
855 3396 944 3445 soli
972 3396 1235 3459 indigenae
1261 3394 1318 3443 iis
1346 3399 1686 3443 vescerentur:
1716 3409 1866 3457 quum
1892 3409 2011 3441 vero
