2114 3642
717 182 1125 217 COMMENTARIUS
1152 184 1222 215 AD
1250 182 1283 216 6.
1312 180 1346 216 8.
1848 165 1948 215 413

110 308 294 358 ciorum
319 310 672 360 communitate
700 308 865 375 puella
892 311 1081 359 elocata
1106 311 1308 372 fruitur,
1345 310 1431 359 sed
1458 317 1628 375 patrae
1656 319 1948 358 accensetur

109 392 239 457 ejus,
266 394 348 459 qui
378 411 582 444 uxorem
609 393 758 442 duxit.
812 392 927 441 Jam
967 410 1083 441 vero
1122 393 1236 442 olim
1274 401 1476 460 propter
1505 390 1802 441 desiderium
1828 410 1942 441 con-

105 484 370 540 ventuum,
413 478 494 544 qui
522 477 755 527 fratribus
784 493 893 525 cum
920 476 1167 525 sororibus
1196 494 1301 526 esse
1330 477 1456 525 soliti
1485 483 1647 536 erant,
1676 475 1770 524 alia
1796 493 1945 540 quae-

107 559 218 608 dam
245 577 523 619 sacrorum,
558 559 620 609 ad
648 576 771 624 quae
799 558 923 608 duae
951 558 1042 608 hae
1069 567 1243 622 gentes
1272 560 1618 619 convenirent,
1659 559 1946 608 institueba-

105 649 183 691 tur
222 644 570 704 communitas⁷
612 659 765 707 eaque
805 642 1109 707 phratria
1149 642 1504 707 appellabatur.
1556 642 1713 705 Igitur
1753 660 1784 707 p
1807 650 1947 690 atra

105 733 211 775 orta
238 734 311 776 est
338 745 398 776 ex
427 726 880 790 consanguinitate,
924 742 1048 790 quae
1089 726 1377 792 parentibus
1406 743 1514 774 cum
1542 725 1707 774 liberis
1735 725 1944 773 interce-

105 809 201 872 dit3
245 810 547 876 phratria
585 817 750 860 autem
789 827 813 859 e
854 810 1286 874 consanguinitate
1337 810 1542 858 fratrum
1591 825 1946 874 sororumque3

104 893 318 941 tribus
357 901 522 943 autem
560 890 750 954 (φυλή)
791 901 839 942 et
879 893 1166 942 tribules
1208 893 1473 952 (φυλέται)
1502 893 1615 942 olim
1642 893 1756 941 inde
1785 892 1940 941 nomi-

104 976 229 1038 nati,
270 976 402 1042 quod
428 977 479 1026 in
505 978 728 1027 civitates
756 984 900 1042 atque
928 984 1102 1040 gentes
1131 976 1368 1024 coierunt.

245 1060 531 1120 (Miillerz
565 1061 939 1126 fragmenta
973 1059 1349 1110 historieor.
1384 1076 1592 1123 graec.
1626 1060 1687 1110 ΙΙ.
1719 1078 1763 1125 p.
1793 1060 1938 1119 238.)

930 1200 1028 1253 Ad
1068 1201 1127 1253 6.

243 1309 404 1376 Hujus
443 1311 727 1360 mutationis
768 1318 938 1359 auctor
978 1310 1070 1358 fuit
1098 1307 1377 1358 Clisthenes
1417 1317 1529 1375 post
1562 1310 1794 1375 expulsos
1821 1310 1941 1358 Pisi-

101 1393 357 1456 stratidas⁷
399 1396 480 1460 qui
516 1403 639 1444 teste
668 1394 921 1445 Herodoto
964 1393 1050 1455 (V,
1079 1394 1172 1453 66)
1215 1393 1411 1442 mutatis
1441 1394 1588 1441 etiam
1614 1393 1829 1442 tribuum
1857 1412 1942 1441 no-

101 1477 339 1539 minibus,
380 1495 506 1543 quae
535 1478 596 1528 ab
624 1479 759 1528 Ionis
788 1478 926 1539 filiis,
975 1476 1219 1526 Geleonte
1250 1485 1296 1524 et
1326 1477 1566 1540 Aegicore
1596 1486 1643 1525 et
1671 1476 1870 1540 Argada
1898 1487 1944 1524 et

102 1559 342 1625 Hoplete,
371 1569 510 1610 erant
536 1562 818 1627 desumpta,
854 1562 917 1610 ab
945 1561 1192 1624 indigenis
1221 1561 1448 1609 heroibus
1478 1578 1559 1609 eas
1587 1560 1940 1621 denominavit,

100 1659 197 1691 uno
226 1643 376 1710 AJace
403 1653 636 1711 excepto,
678 1663 851 1711 quem,
893 1651 944 1693 ut
970 1644 1186 1692 vicinum
1214 1650 1261 1692 et
1287 1643 1503 1706 socium,
1533 1660 1829 1709 quamquam
1857 1660 1938 1708 pe-

99 1727 376 1790 regrinum,
417 1728 608 1794 adjecit³

921 1808 1019 1861 Ad
1059 1810 1118 1861 8.

243 1918 390 1985 Apud
424 1919 731 1969 Herodotum
773 1920 978 1984 legitur:
1020 1915 1142 1965 δέκα
1183 1915 1232 1964 δὲ
1273 1920 1361 1964 καὶ
1401 1913 1522 1971 τούς
1563 1914 1748 1976 δήμους
1788 1921 1938 1965 κατέ-

103 2018 216 2065 νεμε
243 2005 289 2056 ἐς
314 1999 401 2058 τὰς
428 2001 619 2063 φυλάς,
661 2005 797 2068 quasi
824 2005 874 2052 in
901 2004 1168 2052 universim
1195 2003 1389 2052 nonnisi
1416 2003 1583 2051 decem
1624 2003 1829 2051 fuissent
1857 2003 1937 2051 (le-

99 2087 189 2147 mi,
231 2087 360 2150 quod
401 2087 665 2136 absurdum
706 2095 805 2149 est3
857 2105 1007 2152 quare
1050 2087 1271 2136 nonnulli
1312 2088 1376 2135 ita
1420 2094 1673 2135 mutarunt
1714 2087 1936 2135 ordinem

98 2169 387 2220 verborum:
426 2172 516 2216 καὶ
558 2167 679 2224 τούς
707 2167 893 2231 δήμους
920 2171 1198 2232 κατέγεμεν
1224 2173 1271 2224 ἐς
1298 2166 1384 2224 τὰς
1412 2166 1534 2216 δέκα
1563 2165 1739 2228 φυλάς.
1793 2170 1936 2230 Quod

99 2253 265 2318 utique
292 2272 463 2315 verum
491 2261 590 2317 est3
629 2273 745 2303 nam
784 2263 832 2303 et
870 2254 1145 2304 Scholiasta
1183 2257 1230 2303 iu
1265 2254 1523 2303 Aeschinis
1552 2252 1858 2318 Ctesiphont.
1890 2256 1933 2302 4.

98 2336 227 2386 clare
256 2338 399 2387 dicit:
439 2335 562 2384 δέκα
604 2331 732 2395 ἦσαν
770 2339 930 2397 φυλαὶ
969 2339 1348 2398 καθεσταμέναι
1384 2333 1672 2393 Ἀθήνησιν
1711 2332 1811 2383 ἀπὸ
1851 2334 1936 2392 τῆς

98 2422 440 2475 Κλεισθένους
480 2423 758 2478 πολιτείας,
801 2422 868 2475 εἰς
908 2414 966 2475 ἃς
1006 2417 1222 2477 ἅπαντες
1264 2416 1392 2479 ἦσαν
1425 2417 1726 2477 Ἀθηναίων
1767 2416 1934 2464 &tave—

100 2507 377 2567 νεμημένοι.

237 2588 407 2637 Verba
439 2589 562 2653 legis
589 2606 727 2639 meae
755 2589 866 2639 dedi
894 2588 1159 2638 secundum
1188 2590 1582 2638 emendationem
1608 2586 1816 2651 Sauppii
1846 2586 1931 2645 (de

94 2671 248 2722 demis
284 2673 484 2721 urbanis
511 2672 824 2723 Athenarum.
878 2675 1073 2740 Lipsiae
1105 2674 1253 2721 1846.
1295 2692 1340 2738 p.
1373 2673 1476 2730 10.)
1518 2688 1628 2719 cum
1669 2669 1932 2718 verisimile

94 2758 181 2818 sit,
223 2756 532 2806 Herodotum
573 2757 731 2806 dicere
772 2759 1016 2807 voluisse:
1058 2757 1210 2806 denos
1251 2756 1419 2804 demos
1460 2754 1685 2802 tribubus
1725 2753 1931 2817 singulis

94 2839 356 2889 attributos
383 2839 547 2888 fuisse.

237 2923 540 2974 Clisthenem
593 2924 763 2973 decem
809 2925 975 2973 (lemos
1023 2925 1102 2972 vel
1149 2924 1403 2973 demorum
1453 2928 1618 2986 partes
1672 2920 1930 2969 moenibus

95 3005 397 3057 Athenarum
434 3008 717 3068 inclusisse,
758 3008 826 3056 ita
865 3016 917 3056 ut
956 3025 1014 3056 ex
1053 3008 1224 3072 quavis
1275 3006 1404 3054 tribu
1454 3022 1578 3052 unus
1630 3003 1798 3052 demus
1854 3002 1930 3051 vel

94 3106 208 3155 pars
235 3092 375 3140 unius
402 3092 451 3140 in
472 3092 593 3140 urbe
621 3099 775 3151 esset,
808 3091 1145 3140 demonstrare
1173 3096 1374 3138 conatus
1403 3095 1475 3135 est
1504 3087 1752 3153 Sauppius
1781 3086 1928 3147 (ibid.

95 3189 140 3237 p.
173 3174 417 3234 13——19).

239 3257 574 3320 „Clisthenes‚
616 3274 764 3322 quum
800 3275 979 3307 novam
1020 3256 1251 3305 conderet
1290 3255 1458 3321 populi
1487 3255 1802 3313 divisionem,
1846 3271 1924 3301 ve-

94 3346 172 3387 tus
210 3340 509 3403 institutum,
550 3341 678 3406 quod
718 3343 935 3406 exceptis
975 3340 1199 3388 tribubus
1239 3339 1377 3387 simul
1413 3346 1659 3387 retentum
1699 3346 1796 3396 θεῖ,
1837 3355 1927 3401 pro
