<?xml version="1.0" encoding="UTF-8"?>
<!DOCTYPE html PUBLIC "-//W3C//DTD XHTML 1.0 Transitional//EN"
    "http://www.w3.org/TR/xhtml1/DTD/xhtml1-transitional.dtd">
<html xmlns="http://www.w3.org/1999/xhtml" xml:lang="en" lang="en">
 <head>
  <title>
</title>
<meta http-equiv="Content-Type" content="text/html;charset=utf-8" />
  <meta name='ocr-system' content='tesseract 3.04.00' />
  <meta name='ocr-capabilities' content='ocr_page ocr_carea ocr_par ocr_line ocrx_word'/>
</head>
<body>
  <div class='ocr_page' id='page_1' title='image "./synaggtnattiknno00tluoft_0450.png"; bbox 0 0 2114 3642; ppageno 0'>
   <div class='ocr_carea' id='block_1_1' title="bbox 99 190 1443 238">
    <p class='ocr_par' dir='ltr' id='par_1_1' title="bbox 99 190 1443 238">
     <span class='ocr_line' id='line_1_1' title="bbox 99 190 1443 238; baseline -0.006 -1"><span class='ocrx_word' id='word_1_1' title='bbox 99 190 202 238; x_wconf 81' lang='lat'>424</span> <span class='ocrx_word' id='word_1_2' title='bbox 596 199 1001 235; x_wconf 65' lang='lat' dir='ltr'>COMMENTARics</span> <span class='ocrx_word' id='word_1_3' title='bbox 1032 197 1098 229; x_wconf 88' lang='lat' dir='ltr'>AD</span> <span class='ocrx_word' id='word_1_4' title='bbox 1126 196 1183 229; x_wconf 84' lang='lat'>46.</span> <span class='ocrx_word' id='word_1_5' title='bbox 1213 195 1270 230; x_wconf 84' lang='lat'>49.</span> <span class='ocrx_word' id='word_1_6' title='bbox 1301 197 1357 230; x_wconf 83' lang='lat'>50.</span> <span class='ocrx_word' id='word_1_7' title='bbox 1387 197 1443 229; x_wconf 72' lang='lat'>55⁵</span> 
     </span>
    </p>
   </div>
   <div class='ocr_carea' id='block_1_2' title="bbox 101 324 1940 471">
    <p class='ocr_par' dir='ltr' id='par_1_2' title="bbox 101 324 1940 471">
     <span class='ocr_line' id='line_1_2' title="bbox 243 324 1940 396; baseline -0.004 -17"><span class='ocrx_word' id='word_1_8' title='bbox 243 332 592 396; x_wconf 74' lang='lat' dir='ltr'>phigalenses,</span> <span class='ocrx_word' id='word_1_9' title='bbox 643 344 787 391; x_wconf 79' lang='lat' dir='ltr'>quum</span> <span class='ocrx_word' id='word_1_10' title='bbox 831 324 1062 373; x_wconf 75' lang='lat' dir='ltr'><strong>heroibus</strong></span> <span class='ocrx_word' id='word_1_11' title='bbox 1103 342 1244 374; x_wconf 84' lang='lat' dir='ltr'>sacra</span> <span class='ocrx_word' id='word_1_12' title='bbox 1286 326 1559 384; x_wconf 79' lang='lat' dir='ltr'>faciebant,</span> <span class='ocrx_word' id='word_1_13' title='bbox 1614 324 1940 390; x_wconf 73' lang='lat' dir='ltr'>epulabantur</span> 
     </span>
     <span class='ocr_line' id='line_1_3' title="bbox 101 408 1354 471; baseline -0.006 -7"><span class='ocrx_word' id='word_1_14' title='bbox 101 434 270 465; x_wconf 84' lang='lat' dir='ltr'>omnes</span> <span class='ocrx_word' id='word_1_15' title='bbox 301 434 410 465; x_wconf 83' lang='lat' dir='ltr'>eum</span> <span class='ocrx_word' id='word_1_16' title='bbox 439 414 604 462; x_wconf 82' lang='lat' dir='ltr'>servis.</span> <span class='ocrx_word' id='word_1_17' title='bbox 647 408 1053 469; x_wconf 79' lang='lat' dir='ltr'>(Athenaeus</span> <span class='ocrx_word' id='word_1_18' title='bbox 1094 408 1179 471; x_wconf 73' lang='lat' dir='ltr'>IV,</span> <span class='ocrx_word' id='word_1_19' title='bbox 1213 410 1354 469; x_wconf 70' lang='grc'>148.)</span> 
     </span>
    </p>
   </div>
   <div class='ocr_carea' id='block_1_3' title="bbox 900 549 1145 602">
    <p class='ocr_par' dir='ltr' id='par_1_3' title="bbox 900 549 1145 602">
     <span class='ocr_line' id='line_1_4' title="bbox 900 549 1145 602; baseline 0.004 -1"><span class='ocrx_word' id='word_1_20' title='bbox 900 549 999 602; x_wconf 81' lang='lat' dir='ltr'>Ad</span> <span class='ocrx_word' id='word_1_21' title='bbox 1035 550 1145 602; x_wconf 81' lang='lat'>46.</span> 
     </span>
    </p>
   </div>
   <div class='ocr_carea' id='block_1_4' title="bbox 97 660 1946 1978">
    <p class='ocr_par' dir='ltr' id='par_1_4' title="bbox 99 660 1938 809">
     <span class='ocr_line' id='line_1_5' title="bbox 242 660 1938 725; baseline -0.003 -12"><span class='ocrx_word' id='word_1_22' title='bbox 242 665 415 713; x_wconf 85' lang='lat' dir='ltr'>Pollux</span> <span class='ocrx_word' id='word_1_23' title='bbox 443 664 553 722; x_wconf 85' lang='lat' dir='ltr'>VII,</span> <span class='ocrx_word' id='word_1_24' title='bbox 585 662 676 710; x_wconf 79' lang='lat'>13:</span> <span class='ocrx_word' id='word_1_25' title='bbox 717 661 863 722; x_wconf 75' lang='lat' dir='ltr'>Quod</span> <span class='ocrx_word' id='word_1_26' title='bbox 891 678 1022 709; x_wconf 89' lang='lat' dir='ltr'>nunc</span> <span class='ocrx_word' id='word_1_27' title='bbox 1049 661 1243 710; x_wconf 89' lang='lat' dir='ltr'>dicunt:</span> <span class='ocrx_word' id='word_1_28' title='bbox 1285 679 1454 710; x_wconf 86' lang='lat' dir='ltr'>servos</span> <span class='ocrx_word' id='word_1_29' title='bbox 1493 660 1828 709; x_wconf 85' lang='lat' dir='ltr'>venditionem</span> <span class='ocrx_word' id='word_1_30' title='bbox 1855 678 1938 725; x_wconf 91' lang='lat' dir='ltr'>pe—</span> 
     </span>
     <span class='ocr_line' id='line_1_6' title="bbox 99 743 1721 809; baseline 0.001 -19"><span class='ocrx_word' id='word_1_31' title='bbox 99 745 437 809; x_wconf 63' lang='lat' dir='ltr'>tel-esnqc&#39;mw</span> <span class='ocrx_word' id='word_1_32' title='bbox 463 746 666 805; x_wconf 82' lang='grc' dir='ltr'><em>αἰτεῖν),</em></span> <span class='ocrx_word' id='word_1_33' title='bbox 705 745 755 793; x_wconf 91' lang='lat' dir='ltr'>in</span> <span class='ocrx_word' id='word_1_34' title='bbox 783 743 1129 809; x_wconf 79' lang='lat' dir='ltr'>Aristophanis</span> <span class='ocrx_word' id='word_1_35' title='bbox 1154 745 1304 793; x_wconf 90' lang='lat' dir='ltr'>Horis</span> <span class='ocrx_word' id='word_1_36' title='bbox 1330 745 1554 793; x_wconf 88' lang='lat' dir='ltr'>invenire</span> <span class='ocrx_word' id='word_1_37' title='bbox 1582 744 1721 792; x_wconf 87' lang='lat' dir='ltr'>licet:</span> 
     </span>
    </p>

    <p class='ocr_par' dir='ltr' id='par_1_5' title="bbox 240 828 1723 896">
     <span class='ocr_line' id='line_1_7' title="bbox 240 828 1723 896; baseline -0.003 -17"><span class='ocrx_word' id='word_1_38' title='bbox 240 830 359 879; x_wconf 89' lang='lat' dir='ltr'>Mihi</span> <span class='ocrx_word' id='word_1_39' title='bbox 385 830 626 896; x_wconf 88' lang='lat' dir='ltr'>optimum</span> <span class='ocrx_word' id='word_1_40' title='bbox 651 829 847 877; x_wconf 88' lang='lat' dir='ltr'>videtur</span> <span class='ocrx_word' id='word_1_41' title='bbox 873 829 923 876; x_wconf 92' lang='lat' dir='ltr'>in</span> <span class='ocrx_word' id='word_1_42' title='bbox 950 828 1132 877; x_wconf 78' lang='lat' dir='ltr'>Thesei</span> <span class='ocrx_word' id='word_1_43' title='bbox 1158 829 1397 893; x_wconf 88' lang='lat' dir='ltr'>templum</span> <span class='ocrx_word' id='word_1_44' title='bbox 1424 828 1723 891; x_wconf 77' lang='lat' dir='ltr'>confugere,</span> 
     </span>
    </p>

    <p class='ocr_par' dir='ltr' id='par_1_6' title="bbox 240 912 1668 979">
     <span class='ocr_line' id='line_1_8' title="bbox 240 912 1668 979; baseline -0.001 -17"><span class='ocrx_word' id='word_1_45' title='bbox 240 915 430 979; x_wconf 77' lang='lat' dir='ltr'>Ibique,</span> <span class='ocrx_word' id='word_1_46' title='bbox 459 930 614 979; x_wconf 90' lang='lat' dir='ltr'>usque</span> <span class='ocrx_word' id='word_1_47' title='bbox 641 913 759 961; x_wconf 91' lang='lat' dir='ltr'>dum</span> <span class='ocrx_word' id='word_1_48' title='bbox 785 912 1122 961; x_wconf 89' lang='lat' dir='ltr'>venditionem</span> <span class='ocrx_word' id='word_1_49' title='bbox 1150 912 1426 961; x_wconf 82' lang='lat' dir='ltr'>invenimus</span> <span class='ocrx_word' id='word_1_50' title='bbox 1454 929 1668 960; x_wconf 87' lang='lat' dir='ltr'>manere.</span> 
     </span>
    </p>

    <p class='ocr_par' dir='ltr' id='par_1_7' title="bbox 99 995 1943 1314">
     <span class='ocr_line' id='line_1_9' title="bbox 240 995 1943 1061; baseline -0.002 -13"><span class='ocrx_word' id='word_1_51' title='bbox 240 997 500 1048; x_wconf 85' lang='lat' dir='ltr'>Lucian.</span> <span class='ocrx_word' id='word_1_52' title='bbox 527 997 808 1046; x_wconf 91' lang='lat' dir='ltr'>Deorum</span> <span class='ocrx_word' id='word_1_53' title='bbox 834 997 1118 1060; x_wconf 85' lang='lat' dir='ltr'>Dialogi.</span> <span class='ocrx_word' id='word_1_54' title='bbox 1148 997 1228 1044; x_wconf 80' lang='lat'>24.</span> <span class='ocrx_word' id='word_1_55' title='bbox 1271 996 1542 1045; x_wconf 87' lang='lat' dir='ltr'>Mercurius</span> <span class='ocrx_word' id='word_1_56' title='bbox 1569 997 1622 1044; x_wconf 81' lang='lat'>2:</span> <span class='ocrx_word' id='word_1_57' title='bbox 1651 996 1768 1045; x_wconf 82' lang='lat' dir='ltr'>Jam</span> <span class='ocrx_word' id='word_1_58' title='bbox 1796 995 1943 1061; x_wconf 91' lang='lat' dir='ltr'>plane</span> 
     </span>
     <span class='ocr_line' id='line_1_10' title="bbox 101 1080 1942 1146; baseline -0.002 -16"><span class='ocrx_word' id='word_1_59' title='bbox 101 1084 352 1131; x_wconf 76' lang='lat' dir='ltr'>confectus</span> <span class='ocrx_word' id='word_1_60' title='bbox 391 1081 608 1129; x_wconf 87' lang='lat' dir='ltr'>animum</span> <span class='ocrx_word' id='word_1_61' title='bbox 650 1081 919 1146; x_wconf 83' lang='lat' dir='ltr'>despondi:</span> <span class='ocrx_word' id='word_1_62' title='bbox 960 1088 1107 1145; x_wconf 87' lang='lat' dir='ltr'>atque</span> <span class='ocrx_word' id='word_1_63' title='bbox 1149 1081 1296 1141; x_wconf 83' lang='lat' dir='ltr'>adeo,</span> <span class='ocrx_word' id='word_1_64' title='bbox 1339 1081 1377 1128; x_wconf 86' lang='lat' dir='ltr'>si</span> <span class='ocrx_word' id='word_1_65' title='bbox 1417 1080 1534 1128; x_wconf 90' lang='lat' dir='ltr'>mihi</span> <span class='ocrx_word' id='word_1_66' title='bbox 1564 1080 1771 1128; x_wconf 79' lang='lat' dir='ltr'>facultas</span> <span class='ocrx_word' id='word_1_67' title='bbox 1799 1080 1942 1139; x_wconf 80' lang='lat' dir='ltr'>foret,</span> 
     </span>
     <span class='ocr_line' id='line_1_11' title="bbox 99 1162 1942 1231; baseline -0.003 -17"><span class='ocrx_word' id='word_1_68' title='bbox 99 1165 402 1231; x_wconf 79' lang='lat' dir='ltr'>perlibenter</span> <span class='ocrx_word' id='word_1_69' title='bbox 427 1163 651 1229; x_wconf 86' lang='lat' dir='ltr'>equidem</span> <span class='ocrx_word' id='word_1_70' title='bbox 680 1162 1033 1229; x_wconf 78' lang='lat' dir='ltr'>postulaverim</span> <span class='ocrx_word' id='word_1_71' title='bbox 1060 1164 1231 1224; x_wconf 79' lang='lat' dir='ltr'>vendi,</span> <span class='ocrx_word' id='word_1_72' title='bbox 1280 1171 1344 1211; x_wconf 87' lang='lat' dir='ltr'>ut</span> <span class='ocrx_word' id='word_1_73' title='bbox 1382 1164 1443 1211; x_wconf 91' lang='lat' dir='ltr'>in</span> <span class='ocrx_word' id='word_1_74' title='bbox 1483 1171 1541 1211; x_wconf 84' lang='lat' dir='ltr'>te</span> <span class='ocrx_word' id='word_1_75' title='bbox 1558 1182 1581 1211; x_wconf 94' lang='lat' dir='ltr'>r</span> <span class='ocrx_word' id='word_1_76' title='bbox 1597 1164 1645 1210; x_wconf 89' lang='lat' dir='ltr'>ri</span> <span class='ocrx_word' id='word_1_77' title='bbox 1663 1182 1684 1212; x_wconf 86' lang='lat' dir='ltr'>s</span> <span class='ocrx_word' id='word_1_78' title='bbox 1724 1182 1745 1211; x_wconf 88' lang='lat' dir='ltr'>s</span> <span class='ocrx_word' id='word_1_79' title='bbox 1762 1182 1788 1211; x_wconf 94' lang='lat' dir='ltr'>o</span> <span class='ocrx_word' id='word_1_80' title='bbox 1806 1163 1860 1210; x_wconf 89' lang='lat' dir='ltr'>le</span> <span class='ocrx_word' id='word_1_81' title='bbox 1876 1169 1942 1209; x_wconf 89' lang='lat' dir='ltr'>nt</span> 
     </span>
     <span class='ocr_line' id='line_1_12' title="bbox 99 1248 1266 1314; baseline -0.003 -16"><span class='ocrx_word' id='word_1_82' title='bbox 99 1250 205 1314; x_wconf 88' lang='lat' dir='ltr'>qui</span> <span class='ocrx_word' id='word_1_83' title='bbox 246 1249 476 1297; x_wconf 88' lang='lat' dir='ltr'>malam</span> <span class='ocrx_word' id='word_1_84' title='bbox 515 1248 912 1297; x_wconf 87' lang='lat' dir='ltr'>servitutem</span> <span class='ocrx_word' id='word_1_85' title='bbox 950 1248 1266 1297; x_wconf 83' lang='lat' dir='ltr'>serviunt.</span> 
     </span>
    </p>

    <p class='ocr_par' dir='ltr' id='par_1_8' title="bbox 97 1329 1946 1978">
     <span class='ocr_line' id='line_1_13' title="bbox 239 1329 1942 1397; baseline -0.002 -17"><span class='ocrx_word' id='word_1_86' title='bbox 239 1333 428 1396; x_wconf 82' lang='lat' dir='ltr'>Legem</span> <span class='ocrx_word' id='word_1_87' title='bbox 467 1331 595 1380; x_wconf 90' lang='lat' dir='ltr'>hanc</span> <span class='ocrx_word' id='word_1_88' title='bbox 635 1332 836 1380; x_wconf 82' lang='lat' dir='ltr'>retinuit</span> <span class='ocrx_word' id='word_1_89' title='bbox 877 1339 924 1380; x_wconf 91' lang='lat' dir='ltr'>et</span> <span class='ocrx_word' id='word_1_90' title='bbox 956 1332 1037 1397; x_wconf 86' lang='lat' dir='ltr'>jus</span> <span class='ocrx_word' id='word_1_91' title='bbox 1077 1348 1557 1396; x_wconf 82' lang='lat' dir='ltr'>graeco-romanum.</span> <span class='ocrx_word' id='word_1_92' title='bbox 1615 1330 1673 1378; x_wconf 89' lang='lat' dir='ltr'>V.</span> <span class='ocrx_word' id='word_1_93' title='bbox 1713 1329 1942 1378; x_wconf 87' lang='lat' dir='ltr'>Zacha-</span> 
     </span>
     <span class='ocr_line' id='line_1_14' title="bbox 97 1414 1942 1481; baseline -0.002 -16"><span class='ocrx_word' id='word_1_94' title='bbox 97 1416 233 1465; x_wconf 89' lang='lat' dir='ltr'>riae</span> <span class='ocrx_word' id='word_1_95' title='bbox 274 1433 303 1463; x_wconf 92' lang='lat' dir='ltr'>a</span> <span class='ocrx_word' id='word_1_96' title='bbox 340 1415 775 1479; x_wconf 84' lang='lat' dir='ltr'>Lingenthal:</span> <span class='ocrx_word' id='word_1_97' title='bbox 817 1416 966 1464; x_wconf 91' lang='lat' dir='ltr'>Liber</span> <span class='ocrx_word' id='word_1_98' title='bbox 1001 1416 1243 1481; x_wconf 79' lang='lat' dir='ltr'>juridicus</span> <span class='ocrx_word' id='word_1_99' title='bbox 1285 1414 1628 1480; x_wconf 73' lang='lat' dir='ltr'>alphabeticus</span> <span class='ocrx_word' id='word_1_100' title='bbox 1669 1415 1771 1462; x_wconf 81' lang='lat' dir='ltr'>sive</span> <span class='ocrx_word' id='word_1_101' title='bbox 1800 1432 1942 1480; x_wconf 90' lang='lat' dir='ltr'>syno-</span> 
     </span>
     <span class='ocr_line' id='line_1_15' title="bbox 97 1492 1943 1566; baseline -0.004 -16"><span class='ocrx_word' id='word_1_102' title='bbox 97 1500 199 1566; x_wconf 86' lang='lat' dir='ltr'>psis</span> <span class='ocrx_word' id='word_1_103' title='bbox 225 1499 385 1548; x_wconf 88' lang='lat' dir='ltr'>minor</span> <span class='ocrx_word' id='word_1_104' title='bbox 413 1499 637 1565; x_wconf 86' lang='lat' dir='ltr'>(Lipsiae</span> <span class='ocrx_word' id='word_1_105' title='bbox 669 1499 846 1557; x_wconf 79' lang='lat'>1856.)</span> <span class='ocrx_word' id='word_1_106' title='bbox 886 1518 931 1564; x_wconf 89' lang='lat' dir='ltr'>p.</span> <span class='ocrx_word' id='word_1_107' title='bbox 963 1499 1028 1546; x_wconf 82' lang='lat'>68</span> <span class='ocrx_word' id='word_1_108' title='bbox 1063 1496 1106 1563; x_wconf 67' lang='grc' dir='ltr'>ξ.</span> <span class='ocrx_word' id='word_1_109' title='bbox 1136 1499 1216 1547; x_wconf 86' lang='grc'>31.</span> <span class='ocrx_word' id='word_1_110' title='bbox 1257 1492 1457 1554; x_wconf 59' lang='lat' dir='ltr'>&#39;&#39;Ege-ou</span> <span class='ocrx_word' id='word_1_111' title='bbox 1486 1503 1589 1552; x_wconf 79' lang='grc' dir='ltr'><em>τοῖς</em></span> <span class='ocrx_word' id='word_1_112' title='bbox 1617 1494 1819 1550; x_wconf 75' lang='grc' dir='ltr'><em>δούλοις</em></span> <span class='ocrx_word' id='word_1_113' title='bbox 1845 1497 1943 1559; x_wconf 75' lang='grc' dir='ltr'>βα-</span> 
     </span>
     <span class='ocr_line' id='line_1_16' title="bbox 99 1575 1943 1645; baseline -0.001 -16"><span class='ocrx_word' id='word_1_114' title='bbox 99 1584 395 1645; x_wconf 74' lang='grc' dir='ltr'><em>ρυνομένοις</em></span> <span class='ocrx_word' id='word_1_115' title='bbox 436 1578 654 1644; x_wconf 75' lang='grc' dir='ltr'><em>ἀμέτρως</em></span> <span class='ocrx_word' id='word_1_116' title='bbox 693 1575 795 1629; x_wconf 71' lang='grc' dir='ltr'>ὑπὸ</span> <span class='ocrx_word' id='word_1_117' title='bbox 834 1580 936 1629; x_wconf 75' lang='grc' dir='ltr'>τῶν</span> <span class='ocrx_word' id='word_1_118' title='bbox 971 1580 1232 1629; x_wconf 69' lang='grc' dir='ltr'><em>δεσποτῶν</em></span> <span class='ocrx_word' id='word_1_119' title='bbox 1260 1584 1585 1645; x_wconf 65' lang='grc' dir='ltr'>προστρέχειν</span> <span class='ocrx_word' id='word_1_120' title='bbox 1611 1586 1717 1635; x_wconf 86' lang='grc' dir='ltr'><em>ταῖς</em></span> <span class='ocrx_word' id='word_1_121' title='bbox 1743 1581 1943 1644; x_wconf 73' lang='grc' dir='ltr'><em>βασιλι-</em></span> 
     </span>
     <span class='ocr_line' id='line_1_17' title="bbox 99 1661 1946 1728; baseline -0.001 -15"><span class='ocrx_word' id='word_1_122' title='bbox 99 1672 215 1721; x_wconf 80' lang='grc' dir='ltr'><em>καῖς</em></span> <span class='ocrx_word' id='word_1_123' title='bbox 231 1664 442 1723; x_wconf 72' lang='grc' dir='ltr'><em>στήλαις,</em></span> <span class='ocrx_word' id='word_1_124' title='bbox 468 1667 557 1712; x_wconf 72' lang='grc' dir='ltr'>καὶ</span> <span class='ocrx_word' id='word_1_125' title='bbox 575 1669 740 1724; x_wconf 75' lang='grc' dir='ltr'><em>ζητεῖν</em></span> <span class='ocrx_word' id='word_1_126' title='bbox 767 1667 1041 1712; x_wconf 72' lang='grc' dir='ltr'><em>πωλεῖσθαι</em></span> <span class='ocrx_word' id='word_1_127' title='bbox 1071 1662 1192 1728; x_wconf 73' lang='grc' dir='ltr'><em>πρὸς</em></span> <span class='ocrx_word' id='word_1_128' title='bbox 1220 1661 1407 1720; x_wconf 69' lang='grc' dir='ltr'><em>ἄλλους</em></span> <span class='ocrx_word' id='word_1_129' title='bbox 1435 1662 1566 1728; x_wconf 75' lang='grc' dir='ltr'><em>παρά</em></span> <span class='ocrx_word' id='word_1_130' title='bbox 1582 1661 1946 1712; x_wconf 73' lang='grc' dir='ltr'><em>τῶντοιούτων</em></span> 
     </span>
     <span class='ocr_line' id='line_1_18' title="bbox 101 1747 1943 1816; baseline 0 -19"><span class='ocrx_word' id='word_1_131' title='bbox 101 1747 370 1799; x_wconf 78' lang='grc' dir='ltr'><em>δεσποτῶν.</em></span> <span class='ocrx_word' id='word_1_132' title='bbox 412 1750 613 1810; x_wconf 85' lang='lat' dir='ltr'>(Liceat</span> <span class='ocrx_word' id='word_1_133' title='bbox 638 1751 820 1811; x_wconf 86' lang='lat' dir='ltr'>servis,</span> <span class='ocrx_word' id='word_1_134' title='bbox 862 1768 986 1814; x_wconf 86' lang='lat' dir='ltr'>quos</span> <span class='ocrx_word' id='word_1_135' title='bbox 1014 1751 1116 1798; x_wconf 90' lang='lat' dir='ltr'>heri</span> <span class='ocrx_word' id='word_1_136' title='bbox 1144 1751 1273 1799; x_wconf 88' lang='lat' dir='ltr'>ultra</span> <span class='ocrx_word' id='word_1_137' title='bbox 1299 1751 1501 1799; x_wconf 86' lang='lat' dir='ltr'>modum</span> <span class='ocrx_word' id='word_1_138' title='bbox 1528 1757 1787 1816; x_wconf 83' lang='lat' dir='ltr'>premunt,</span> <span class='ocrx_word' id='word_1_139' title='bbox 1829 1767 1943 1798; x_wconf 91' lang='lat' dir='ltr'>con-</span> 
     </span>
     <span class='ocr_line' id='line_1_19' title="bbox 100 1833 1945 1900; baseline -0.002 -17"><span class='ocrx_word' id='word_1_140' title='bbox 100 1835 273 1897; x_wconf 83' lang='lat' dir='ltr'>fugere</span> <span class='ocrx_word' id='word_1_141' title='bbox 301 1833 363 1882; x_wconf 89' lang='lat' dir='ltr'>ad</span> <span class='ocrx_word' id='word_1_142' title='bbox 391 1835 551 1899; x_wconf 86' lang='lat' dir='ltr'>regias</span> <span class='ocrx_word' id='word_1_143' title='bbox 579 1835 831 1883; x_wconf 86' lang='lat' dir='ltr'>columnas</span> <span class='ocrx_word' id='word_1_144' title='bbox 871 1841 919 1883; x_wconf 88' lang='lat' dir='ltr'>et</span> <span class='ocrx_word' id='word_1_145' title='bbox 957 1841 1127 1899; x_wconf 86' lang='lat' dir='ltr'>petere</span> <span class='ocrx_word' id='word_1_146' title='bbox 1167 1841 1221 1883; x_wconf 84' lang='lat' dir='ltr'>ut</span> <span class='ocrx_word' id='word_1_147' title='bbox 1257 1835 1319 1884; x_wconf 89' lang='lat' dir='ltr'>ab</span> <span class='ocrx_word' id='word_1_148' title='bbox 1359 1834 1642 1900; x_wconf 89' lang='lat' dir='ltr'>hujusmodi</span> <span class='ocrx_word' id='word_1_149' title='bbox 1680 1834 1811 1883; x_wconf 90' lang='lat' dir='ltr'>heris</span> <span class='ocrx_word' id='word_1_150' title='bbox 1838 1833 1945 1883; x_wconf 87' lang='lat' dir='ltr'>aliis</span> 
     </span>
     <span class='ocr_line' id='line_1_20' title="bbox 99 1917 427 1978; baseline 0 -13"><span class='ocrx_word' id='word_1_151' title='bbox 99 1917 427 1978; x_wconf 88' lang='lat' dir='ltr'>vendantur.)</span> 
     </span>
    </p>
   </div>
   <div class='ocr_carea' id='block_1_5' title="bbox 908 1985 1155 2038">
    <p class='ocr_par' dir='ltr' id='par_1_9' title="bbox 908 1985 1155 2038">
     <span class='ocr_line' id='line_1_21' title="bbox 908 1985 1155 2038; baseline 0 0"><span class='ocrx_word' id='word_1_152' title='bbox 908 1985 1010 2038; x_wconf 79' lang='lat' dir='ltr'>Ad</span> <span class='ocrx_word' id='word_1_153' title='bbox 1046 1987 1155 2038; x_wconf 76' lang='lat'>49.</span> 
     </span>
    </p>
   </div>
   <div class='ocr_carea' id='block_1_6' title="bbox 102 2089 1944 2330">
    <p class='ocr_par' dir='ltr' id='par_1_10' title="bbox 102 2089 1944 2330">
     <span class='ocr_line' id='line_1_22' title="bbox 243 2089 1944 2161; baseline -0.003 -16"><span class='ocrx_word' id='word_1_154' title='bbox 243 2096 408 2145; x_wconf 88' lang='lat' dir='ltr'>Schol.</span> <span class='ocrx_word' id='word_1_155' title='bbox 448 2098 497 2145; x_wconf 91' lang='lat' dir='ltr'>in</span> <span class='ocrx_word' id='word_1_156' title='bbox 533 2096 843 2161; x_wconf 86' lang='lat' dir='ltr'>Aristophan.</span> <span class='ocrx_word' id='word_1_157' title='bbox 872 2097 1130 2160; x_wconf 88' lang='lat' dir='ltr'>Lysistrat.</span> <span class='ocrx_word' id='word_1_158' title='bbox 1164 2096 1290 2144; x_wconf 78' lang='lat'>184:</span> <span class='ocrx_word' id='word_1_159' title='bbox 1335 2095 1393 2142; x_wconf 73' lang='lat' dir='ltr'>Oi</span> <span class='ocrx_word' id='word_1_160' title='bbox 1436 2093 1666 2158; x_wconf 80' lang='grc' dir='ltr'>δημόσιοι</span> <span class='ocrx_word' id='word_1_161' title='bbox 1712 2089 1944 2158; x_wconf 68' lang='grc' dir='ltr'><em>ὑπηρέται</em></span> 
     </span>
     <span class='ocr_line' id='line_1_23' title="bbox 102 2175 1940 2242; baseline 0.002 -17"><span class='ocrx_word' id='word_1_162' title='bbox 102 2176 204 2226; x_wconf 76' lang='grc' dir='ltr'>ἀπὸ</span> <span class='ocrx_word' id='word_1_163' title='bbox 232 2178 316 2236; x_wconf 74' lang='grc' dir='ltr'>τῆς</span> <span class='ocrx_word' id='word_1_164' title='bbox 344 2175 559 2241; x_wconf 72' lang='grc' dir='ltr'><em>ἀρχαίας</em></span> <span class='ocrx_word' id='word_1_165' title='bbox 579 2177 803 2242; x_wconf 74' lang='grc' dir='ltr'><em>χρήσεως</em></span> <span class='ocrx_word' id='word_1_166' title='bbox 829 2176 1046 2226; x_wconf 72' lang='grc' dir='ltr'><em>Σκύθαι</em></span> <span class='ocrx_word' id='word_1_167' title='bbox 1090 2181 1179 2225; x_wconf 74' lang='grc' dir='ltr'>καί</span> <span class='ocrx_word' id='word_1_168' title='bbox 1220 2177 1421 2236; x_wconf 67' lang='grc' dir='ltr'><em>τοξόται</em></span> <span class='ocrx_word' id='word_1_169' title='bbox 1462 2178 1764 2230; x_wconf 74' lang='grc' dir='ltr'><em>καλοῦνται.</em></span> <span class='ocrx_word' id='word_1_170' title='bbox 1818 2181 1940 2241; x_wconf 79' lang='lat' dir='ltr'>(Pu-</span> 
     </span>
     <span class='ocr_line' id='line_1_24' title="bbox 103 2262 1701 2330; baseline 0 -18"><span class='ocrx_word' id='word_1_171' title='bbox 103 2264 218 2314; x_wconf 89' lang='lat' dir='ltr'>blici</span> <span class='ocrx_word' id='word_1_172' title='bbox 245 2264 373 2313; x_wconf 87' lang='lat' dir='ltr'>servi</span> <span class='ocrx_word' id='word_1_173' title='bbox 402 2264 461 2312; x_wconf 88' lang='lat' dir='ltr'>ab</span> <span class='ocrx_word' id='word_1_174' title='bbox 491 2264 690 2328; x_wconf 89' lang='lat' dir='ltr'>antiquo</span> <span class='ocrx_word' id='word_1_175' title='bbox 717 2281 807 2312; x_wconf 85' lang='lat' dir='ltr'>usu</span> <span class='ocrx_word' id='word_1_176' title='bbox 834 2262 1048 2330; x_wconf 78' lang='lat' dir='ltr'>Scythae</span> <span class='ocrx_word' id='word_1_177' title='bbox 1077 2271 1125 2311; x_wconf 92' lang='lat' dir='ltr'>et</span> <span class='ocrx_word' id='word_1_178' title='bbox 1152 2263 1391 2327; x_wconf 80' lang='lat' dir='ltr'>sagittarii</span> <span class='ocrx_word' id='word_1_179' title='bbox 1421 2266 1701 2323; x_wconf 86' lang='lat' dir='ltr'>vocantur.)</span> 
     </span>
    </p>
   </div>
   <div class='ocr_carea' id='block_1_7' title="bbox 904 2403 1148 2456">
    <p class='ocr_par' dir='ltr' id='par_1_11' title="bbox 904 2403 1148 2456">
     <span class='ocr_line' id='line_1_25' title="bbox 904 2403 1148 2456; baseline 0.004 -1"><span class='ocrx_word' id='word_1_180' title='bbox 904 2403 1003 2456; x_wconf 80' lang='lat' dir='ltr'>Ad</span> <span class='ocrx_word' id='word_1_181' title='bbox 1042 2404 1148 2456; x_wconf 88' lang='lat'>50.</span> 
     </span>
    </p>
   </div>
   <div class='ocr_carea' id='block_1_8' title="bbox 106 2511 2002 3162">
    <p class='ocr_par' dir='ltr' id='par_1_12' title="bbox 106 2511 1949 2910">
     <span class='ocr_line' id='line_1_26' title="bbox 247 2511 1946 2580; baseline -0.001 -17"><span class='ocrx_word' id='word_1_182' title='bbox 247 2514 424 2564; x_wconf 89' lang='lat' dir='ltr'>Suidas</span> <span class='ocrx_word' id='word_1_183' title='bbox 452 2534 486 2564; x_wconf 89' lang='lat' dir='ltr'>s.</span> <span class='ocrx_word' id='word_1_184' title='bbox 516 2534 560 2563; x_wconf 88' lang='lat' dir='ltr'>v.</span> <span class='ocrx_word' id='word_1_185' title='bbox 589 2511 821 2571; x_wconf 72' lang='grc' dir='ltr'><em>τοξόταιε</em></span> <span class='ocrx_word' id='word_1_186' title='bbox 861 2514 1045 2580; x_wconf 78' lang='lat' dir='ltr'>publici</span> <span class='ocrx_word' id='word_1_187' title='bbox 1079 2516 1315 2575; x_wconf 84' lang='lat' dir='ltr'>ministri,</span> <span class='ocrx_word' id='word_1_188' title='bbox 1356 2515 1583 2564; x_wconf 78' lang='lat' dir='ltr'>custodes</span> <span class='ocrx_word' id='word_1_189' title='bbox 1611 2517 1772 2576; x_wconf 83' lang='lat' dir='ltr'>urbis,</span> <span class='ocrx_word' id='word_1_190' title='bbox 1815 2515 1946 2562; x_wconf 87' lang='lat' dir='ltr'>mille</span> 
     </span>
     <span class='ocr_line' id='line_1_27' title="bbox 106 2598 1947 2662; baseline 0 -17"><span class='ocrx_word' id='word_1_191' title='bbox 106 2615 334 2659; x_wconf 85' lang='lat' dir='ltr'>numero,</span> <span class='ocrx_word' id='word_1_192' title='bbox 364 2600 445 2662; x_wconf 90' lang='lat' dir='ltr'>qui</span> <span class='ocrx_word' id='word_1_193' title='bbox 475 2598 590 2647; x_wconf 88' lang='lat' dir='ltr'>olim</span> <span class='ocrx_word' id='word_1_194' title='bbox 616 2599 665 2646; x_wconf 92' lang='lat' dir='ltr'>in</span> <span class='ocrx_word' id='word_1_195' title='bbox 692 2598 1027 2647; x_wconf 81' lang='lat' dir='ltr'>tabernaculis</span> <span class='ocrx_word' id='word_1_196' title='bbox 1055 2598 1105 2645; x_wconf 90' lang='lat' dir='ltr'>in</span> <span class='ocrx_word' id='word_1_197' title='bbox 1134 2599 1296 2647; x_wconf 90' lang='lat' dir='ltr'>medio</span> <span class='ocrx_word' id='word_1_198' title='bbox 1323 2599 1430 2647; x_wconf 89' lang='lat' dir='ltr'>foro</span> <span class='ocrx_word' id='word_1_199' title='bbox 1458 2600 1598 2648; x_wconf 86' lang='lat' dir='ltr'>factis</span> <span class='ocrx_word' id='word_1_200' title='bbox 1627 2599 1947 2659; x_wconf 71' lang='lat' dir='ltr'>habitabant3</span> 
     </span>
     <span class='ocr_line' id='line_1_28' title="bbox 107 2681 1949 2746; baseline 0 -18"><span class='ocrx_word' id='word_1_201' title='bbox 107 2689 279 2745; x_wconf 88' lang='lat' dir='ltr'>postea</span> <span class='ocrx_word' id='word_1_202' title='bbox 315 2699 434 2730; x_wconf 87' lang='lat' dir='ltr'>vero</span> <span class='ocrx_word' id='word_1_203' title='bbox 474 2683 524 2729; x_wconf 90' lang='lat' dir='ltr'>in</span> <span class='ocrx_word' id='word_1_204' title='bbox 552 2681 871 2746; x_wconf 77' lang='lat' dir='ltr'>Areopagum</span> <span class='ocrx_word' id='word_1_205' title='bbox 908 2682 1222 2729; x_wconf 85' lang='lat' dir='ltr'>transierunt.</span> <span class='ocrx_word' id='word_1_206' title='bbox 1276 2683 1337 2729; x_wconf 88' lang='lat' dir='ltr'>Hi</span> <span class='ocrx_word' id='word_1_207' title='bbox 1379 2689 1540 2731; x_wconf 84' lang='lat' dir='ltr'>autem</span> <span class='ocrx_word' id='word_1_208' title='bbox 1568 2682 1874 2731; x_wconf 86' lang='lat' dir='ltr'>vocabantur</span> <span class='ocrx_word' id='word_1_209' title='bbox 1901 2689 1949 2729; x_wconf 85' lang='lat' dir='ltr'>et</span> 
     </span>
     <span class='ocr_line' id='line_1_29' title="bbox 109 2763 1948 2831; baseline 0.001 -20"><span class='ocrx_word' id='word_1_210' title='bbox 109 2763 322 2828; x_wconf 84' lang='lat' dir='ltr'>Scythae</span> <span class='ocrx_word' id='word_1_211' title='bbox 362 2773 410 2813; x_wconf 93' lang='lat' dir='ltr'>et</span> <span class='ocrx_word' id='word_1_212' title='bbox 449 2765 724 2831; x_wconf 81' lang='lat' dir='ltr'>Speusinii,</span> <span class='ocrx_word' id='word_1_213' title='bbox 777 2783 805 2813; x_wconf 92' lang='lat' dir='ltr'>a</span> <span class='ocrx_word' id='word_1_214' title='bbox 847 2764 1090 2830; x_wconf 87' lang='lat' dir='ltr'>Speusino</span> <span class='ocrx_word' id='word_1_215' title='bbox 1131 2765 1347 2828; x_wconf 83' lang='lat' dir='ltr'>quodam</span> <span class='ocrx_word' id='word_1_216' title='bbox 1387 2767 1591 2830; x_wconf 84' lang='lat' dir='ltr'>antiquo</span> <span class='ocrx_word' id='word_1_217' title='bbox 1632 2766 1948 2829; x_wconf 79' lang='lat' dir='ltr'>magistratu,</span> 
     </span>
     <span class='ocr_line' id='line_1_30' title="bbox 110 2847 906 2910; baseline 0.004 -18"><span class='ocrx_word' id='word_1_218' title='bbox 110 2847 191 2910; x_wconf 86' lang='lat' dir='ltr'>qui</span> <span class='ocrx_word' id='word_1_219' title='bbox 219 2847 436 2895; x_wconf 88' lang='lat' dir='ltr'>ordinem</span> <span class='ocrx_word' id='word_1_220' title='bbox 463 2848 658 2896; x_wconf 90' lang='lat' dir='ltr'>illorum</span> <span class='ocrx_word' id='word_1_221' title='bbox 684 2847 906 2896; x_wconf 85' lang='lat' dir='ltr'>instituit.</span> 
     </span>
    </p>

    <p class='ocr_par' dir='ltr' id='par_1_13' title="bbox 110 2928 2002 3162">
     <span class='ocr_line' id='line_1_31' title="bbox 253 2928 1949 2998; baseline 0.003 -23"><span class='ocrx_word' id='word_1_222' title='bbox 253 2928 469 2978; x_wconf 88' lang='lat' dir='ltr'>Primum</span> <span class='ocrx_word' id='word_1_223' title='bbox 518 2932 715 2979; x_wconf 88' lang='lat' dir='ltr'>nonnisi</span> <span class='ocrx_word' id='word_1_224' title='bbox 767 2932 972 2979; x_wconf 88' lang='lat' dir='ltr'>trecenti</span> <span class='ocrx_word' id='word_1_225' title='bbox 1025 2931 1216 2979; x_wconf 87' lang='lat' dir='ltr'>fuerant</span> <span class='ocrx_word' id='word_1_226' title='bbox 1256 2931 1470 2998; x_wconf 79' lang='lat' dir='ltr'>Scythae</span> <span class='ocrx_word' id='word_1_227' title='bbox 1522 2933 1786 2995; x_wconf 83' lang='lat' dir='ltr'>sagittarii,</span> <span class='ocrx_word' id='word_1_228' title='bbox 1829 2950 1949 2997; x_wconf 89' lang='lat' dir='ltr'>quos</span> 
     </span>
     <span class='ocr_line' id='line_1_32' title="bbox 110 3010 1948 3080; baseline 0.002 -21"><span class='ocrx_word' id='word_1_229' title='bbox 110 3010 486 3062; x_wconf 81' lang='lat' dir='ltr'>Atheniensium</span> <span class='ocrx_word' id='word_1_230' title='bbox 537 3016 817 3080; x_wconf 84' lang='lat' dir='ltr'>respublica</span> <span class='ocrx_word' id='word_1_231' title='bbox 868 3022 1066 3064; x_wconf 88' lang='lat' dir='ltr'>emerat.</span> <span class='ocrx_word' id='word_1_232' title='bbox 1133 3014 1468 3073; x_wconf 80' lang='lat' dir='ltr'>(Antocid.</span> <span class='ocrx_word' id='word_1_233' title='bbox 1509 3016 1579 3064; x_wconf 88' lang='lat' dir='ltr'>de</span> <span class='ocrx_word' id='word_1_234' title='bbox 1620 3033 1774 3080; x_wconf 88' lang='lat' dir='ltr'>pace</span> <span class='ocrx_word' id='word_1_235' title='bbox 1816 3034 1886 3063; x_wconf 91' lang='lat' dir='ltr'>cu</span> <span class='ocrx_word' id='word_1_236' title='bbox 1902 3034 1948 3063; x_wconf 91' lang='lat' dir='ltr'>m</span> 
     </span>
     <span class='ocr_line' id='line_1_33' title="bbox 114 3092 2002 3162; baseline 0.003 -20"><span class='ocrx_word' id='word_1_237' title='bbox 114 3094 339 3143; x_wconf 88' lang='lat' dir='ltr'>Laced.</span> <span class='ocrx_word' id='word_1_238' title='bbox 381 3092 421 3157; x_wconf 64' lang='grc' dir='ltr'>ξ.</span> <span class='ocrx_word' id='word_1_239' title='bbox 451 3098 493 3143; x_wconf 87' lang='lat'>5.</span> <span class='ocrx_word' id='word_1_240' title='bbox 526 3104 573 3145; x_wconf 89' lang='lat' dir='ltr'>et</span> <span class='ocrx_word' id='word_1_241' title='bbox 612 3098 911 3148; x_wconf 84' lang='lat' dir='ltr'>Aeschin.</span> <span class='ocrx_word' id='word_1_242' title='bbox 954 3097 1022 3146; x_wconf 88' lang='lat' dir='ltr'>de</span> <span class='ocrx_word' id='word_1_243' title='bbox 1063 3099 1226 3145; x_wconf 86' lang='lat' dir='ltr'>male</span> <span class='ocrx_word' id='word_1_244' title='bbox 1265 3105 1453 3161; x_wconf 77' lang='lat' dir='ltr'>gesta</span> <span class='ocrx_word' id='word_1_245' title='bbox 1491 3099 1689 3161; x_wconf 81' lang='lat' dir='ltr'>legat.</span> <span class='ocrx_word' id='word_1_246' title='bbox 1732 3098 1947 3162; x_wconf 51' lang='lat'>§.1733</span> <span class='ocrx_word' id='word_1_247' title='bbox 1998 3117 2002 3121; x_wconf 78' lang='grc'><strong>’</strong></span> 
     </span>
    </p>
   </div>
   <div class='ocr_carea' id='block_1_9' title="bbox 905 3237 1148 3289">
    <p class='ocr_par' dir='ltr' id='par_1_14' title="bbox 905 3237 1148 3289">
     <span class='ocr_line' id='line_1_34' title="bbox 905 3237 1148 3289; baseline -0.004 0"><span class='ocrx_word' id='word_1_248' title='bbox 905 3237 1004 3289; x_wconf 83' lang='lat' dir='ltr'>Ad</span> <span class='ocrx_word' id='word_1_249' title='bbox 1043 3238 1148 3289; x_wconf 84' lang='lat'>55.</span> 
     </span>
    </p>
   </div>
   <div class='ocr_carea' id='block_1_10' title="bbox 258 3342 1945 3415">
    <p class='ocr_par' dir='ltr' id='par_1_15' title="bbox 258 3342 1945 3415">
     <span class='ocr_line' id='line_1_35' title="bbox 258 3342 1945 3415; baseline 0.002 -23"><span class='ocrx_word' id='word_1_250' title='bbox 258 3342 411 3413; x_wconf 89' lang='lat' dir='ltr'>Apud</span> <span class='ocrx_word' id='word_1_251' title='bbox 428 3343 842 3397; x_wconf 84' lang='lat' dir='ltr'>Lacedaemonios</span> <span class='ocrx_word' id='word_1_252' title='bbox 869 3365 1126 3398; x_wconf 84' lang='lat' dir='ltr'>censuram</span> <span class='ocrx_word' id='word_1_253' title='bbox 1152 3366 1339 3397; x_wconf 86' lang='lat' dir='ltr'>morum</span> <span class='ocrx_word' id='word_1_254' title='bbox 1369 3349 1583 3398; x_wconf 85' lang='lat' dir='ltr'>habebat</span> <span class='ocrx_word' id='word_1_255' title='bbox 1610 3356 1806 3399; x_wconf 81' lang='lat' dir='ltr'>senatus</span> <span class='ocrx_word' id='word_1_256' title='bbox 1835 3352 1945 3415; x_wconf 73' lang='grc' dir='ltr'>(γε-</span> 
     </span>
    </p>
   </div>
  </div>
 </body>
</html>
