2114 3642
586 245 994 278 COMMENTARIUS
1020 243 1090 275 An
1121 240 1224 275 1175.
1254 241 1357 275 1176.
1388 239 1491 275 1178.
1861 227 1962 274 577

115 371 302 436 puisset
353 372 546 436 vimque
599 371 667 420 illi
718 371 985 432 attulisset,
1028 369 1395 419 matrimonium
1438 370 1597 416 fuerat
1637 368 1744 433 ejus
1784 385 1962 433 poena.

116 453 442 512 (Achilles
484 455 716 503 Tatius
756 454 818 514 II,
850 454 956 513 13.)

884 569 1192 622 Ad1175.

258 679 331 728 Ex
359 679 433 727 his
473 678 664 727 duabus
705 678 897 741 legibus
939 678 1151 743 conjecit
1191 677 1447 734 Reiskius‚
1489 684 1712 742 stuprum
1743 693 1831 742 per
1859 677 1958 724 vim

115 761 271 809 servis
298 762 487 810 illatum
516 762 723 826 simplici
754 762 962 820 mulcta,
991 761 1039 808 id
1068 769 1166 816 est,
1208 761 1571 824 quinquaginta
1597 760 1844 809 drachmis
1872 778 1961 826 pu-

114 843 270 891 nitum
298 843 461 892 fuisse.

256 925 376 974 Sch
396 927 682 990 ellingiu
700 946 720 974 s
750 928 836 989 (de
868 927 1062 976 Solonis
1089 927 1283 990 legibus
1312 945 1357 992 p.
1387 928 1482 985 90)
1511 934 1810 991 postremam
1838 927 1961 991 legis

114 1014 303 1072 partem
329 1010 459 1075 apud
488 1011 687 1075 Lysiam
714 1012 782 1058 ita
808 1010 1059 1058 emendat:
1100 1006 1191 1055 ἐὰν
1233 1009 1285 1054 δέ
1310 1028 1381 1063 τις
1407 1011 1498 1071 βίᾳ
1528 1007 1750 1070 αἰσχύνῃ
1777 1015 1961 1075 γυναῖ-

114 1107 236 1146 κας,
278 1094 357 1151 ἐφ’
384 1088 552 1153 αἶςπερ
578 1092 670 1155 βίᾳ
699 1094 1088 1153 αἰσχυνθείσαις
1123 1088 1250 1138 οὐκ
1284 1089 1611 1138 ἀποκτείνειν
1645 1091 1836 1149 ἔξεστιν
1855 1129 1866 1148 ,
1908 1096 1963 1139 ἐν

114 1179 216 1226 τοῖς
255 1169 430 1228 αὐτοῖς
470 1178 751 1235 ἐνέχεσθαι.
804 1177 860 1226 Id
902 1184 1000 1224 est:
1045 1175 1128 1237 „Si
1172 1193 1286 1223 vero
1326 1176 1434 1240 quis
1463 1193 1642 1224 uxores
1671 1177 1717 1223 vi
1754 1184 1958 1241 stupret,

114 1258 243 1321 apud
271 1275 391 1322 quas
419 1260 618 1323 quidem
646 1261 693 1306 vi
719 1268 967 1324 stupratas
995 1259 1356 1324 deprehensum
1396 1276 1427 1305 n
1445 1278 1471 1306 O
1488 1276 1519 1307 n
1558 1259 1834 1308 interficere
1861 1277 1959 1307 ma·

114 1341 205 1388 rito
234 1342 403 1401 liceat,
445 1343 573 1390 hunc
615 1343 785 1390 eadem
825 1360 1010 1407 poena,
1053 1360 1149 1406 qua
1187 1343 1268 1406 qui
1310 1342 1524 1406 puellam
1560 1342 1738 1402 violet,
1780 1342 1959 1391 affici.“

256 1425 392 1474 Haec
431 1434 594 1474 tamen
638 1426 762 1473 falsa
802 1443 906 1474 esse
946 1432 1083 1491 patet
1112 1442 1136 1472 e
1165 1425 1501 1490 superioribus
1528 1426 1746 1487 legibus,
1790 1443 1814 1474 e
1843 1443 1960 1490 qua—

114 1524 219 1554 rum
250 1510 558 1573 praescripto
584 1509 789 1557 maritus
817 1516 1114 1573 potestatem
1141 1509 1313 1556 habuit
1340 1509 1530 1556 moechi
1559 1508 1830 1557 occidendi.

257 1591 520 1640 Praeterea
563 1591 849 1656 schellingii
900 1591 1176 1640 emendatio
1217 1609 1588 1656 supervacanea
1628 1609 1822 1657 quoque
1860 1601 1962 1653 est;

113 1674 227 1737 quia
263 1683 376 1739 post
414 1678 477 1733 ἐφ
518 1670 690 1735 azzae-Q
732 1671 1061 1721 ἀποκτείνειν
1106 1674 1325 1731 ἔξεστιν,
1368 1676 1774 1738 intelligendum:
1815 1676 1863 1721 εἰ
1888 1671 1960 1735 μή

115 1752 424 1806 ἀποκτείνει.

257 1842 521 1890 Rationem
547 1842 671 1905 legis
699 1842 925 1906 adjungit
952 1842 1124 1906 Lysias
1153 1842 1349 1890 dicens:
1390 1842 1485 1901 Qui
1515 1842 1562 1889 vi
1590 1842 1962 1907 aggrediuntur,

116 1942 198 1972 eos
237 1925 491 1987 legislator
530 1926 704 1972 minori
748 1942 910 1989 poena
948 1924 1122 1987 dignos
1163 1942 1270 1972 esse
1320 1925 1644 1985 existimavit,
1694 1943 1842 1989 quam
1880 1926 1963 1991 qui

115 2007 391 2067 blanditiis,
433 2008 697 2055 arbitiatus
738 2026 820 2056 eos
862 2008 943 2071 qui
986 2010 1032 2055 vi
1068 2025 1171 2056 rem
1212 2008 1502 2072 perficiunt,
1542 2010 1599 2056 iis
1641 2009 1754 2057 odio
1793 2009 1962 2058 haberi

116 2091 293 2155 quibus
323 2091 394 2137 vis
422 2091 651 2152 infer3tur
691 2091 771 2155 qui
801 2109 830 2137 v
836 2108 918 2138 ero
945 2091 1209 2149 blanditiis,
1239 2092 1429 2140 animos
1456 2092 1524 2140 ita
1550 2093 1745 2157 penitus
1773 2092 1960 2153 vitiare,

116 2182 168 2221 ut
195 2174 378 2222 alienas
406 2191 584 2222 uxores
613 2129 703 2221 sibi
744 2174 1176 2223 benevolentiores
1218 2174 1428 2222 leddant
1467 2193 1614 2239 quam
1655 2176 1866 2236 maritis,
1910 2184 1962 2223 ut

116 2264 220 2305 tota
249 2257 353 2321 jam
394 2257 568 2305 domus
608 2274 760 2321 penes
799 2258 933 2322 ipsos
968 2258 1058 2316 sit,
1100 2266 1151 2305 ut
1178 2258 1388 2321 denique
1415 2257 1554 2306 liberi
1582 2259 1769 2307 incerta
1794 2214 1961 2307 cohdi-

115 2340 248 2386 tione
277 2347 566 2395 nascantur,
603 2346 763 2386 utrum
792 2340 975 2387 scilicet
1002 2340 1063 2387 ad
1091 2341 1324 2388 maritum
1351 2343 1627 2404 pertineant
1653 2360 1714 2390 an
1742 2342 1804 2391 ad
1832 2358 1961 2390 moe-

120 2421 277 2468 chum.
328 2421 517 2481 Quibus
549 2422 608 2469 de
637 2423 796 2470 causis
826 2424 1080 2485 legislator
1108 2441 1319 2488 poenam
1349 2424 1443 2471 illis
1472 2433 1681 2474 mortem
1708 2426 1889 2474 statuit.

886 2549 986 2602 Ad
1022 2551 1199 2603 11⁷6.

260 2657 425 2707 Vades
452 2658 569 2707 dare
598 2660 857 2709 tenebatur
885 2661 1139 2708 convictus
1180 2660 1406 2709 adulterii
1435 2662 1565 2728 apud
1593 2663 1960 2726 thesmothetas‚

119 2749 170 2789 ut
196 2749 455 2790 caveretur
483 2744 550 2803 ei,
592 2745 673 2807 qui
712 2744 845 2791 illum
886 2743 1306 2808 deprehenderet,
1348 2746 1607 2805 mulctam,
1648 2765 1676 2796 a
1706 2747 1959 2813 judicibus

118 2824 459 2888 irrogandam
498 2826 712 2874 solutum
749 2828 821 2874 111.
882 2827 1086 2876 Judices
1129 2829 1254 2876 enim
1292 2846 1390 2877 non
1432 2829 1738 2878 mulctabant
1777 2840 1961 2893 morte3

120 2908 233 2971 quia
259 2908 297 2955 si
325 2908 389 2967 is,
432 2909 513 2972 qui
541 2909 815 2958 adulterum
844 2910 1194 2975 deprehendit,
1238 2929 1349 2961 eum
1375 2913 1425 2959 in
1453 2914 1724 2963 continenti
1751 2932 1853 2997 non
1880 2931 1939 2964 oc

120 2989 238 3038 cidit
253 2946 479 3054 ,judices
507 3008 619 3038 eum
647 2994 788 3040 morti
821 3011 921 3041 non
949 2994 1261 3044 addixerunt

886 3109 985 3162 Ad
1014 3111 1189 3162 1178.

264 3216 556 3266 Plutarchus
596 3215 711 3264 dicit
749 3219 797 3264 in
826 3218 939 3267 Vita
965 3218 1162 3268 Solonis
1192 3221 1323 3284 (cap.
1353 3220 1446 3279 23)
1485 3221 1746 3272 lenonibus
1785 3224 1958 3286 viginti

122 3297 376 3347 drachmas
416 3300 563 3348 fuisse
604 3301 895 3350 constitutas
936 3320 964 3350 a
1003 3301 1201 3350 Solone.
1256 3302 1352 3352 Sed
1381 3304 1638 3366 Aeschini,
1680 3324 1776 3369 qua
1812 3305 1957 3369 longe

122 3381 411 3445 antiquiori,
440 3384 676 3448 majorem
702 3383 939 3432 habemus
970 3384 1142 3448 fidem,
1172 3402 1320 3450 quam
1345 3386 1625 3438 Plutarcho,

1621 3469 1675 3510 37
