2161 3673
175 207 243 254 24
893 211 973 242 JUS
998 205 1277 240 PUBLICUM.

178 341 276 394 οὖν
308 343 376 408 μὴ
417 340 605 408 ἐρασθῇ
646 333 973 401 τυραννίδος,
1027 326 1107 378 διά
1147 325 1302 376 τοῦτο
1336 328 1465 389 μίαν
1503 320 1689 389 ἡμέραν
1729 322 1804 374 δεῖ
1839 321 2000 374 αὐτὸν

175 425 337 492 ἄρξαι.
486 423 759 490 (Anonymi
787 434 971 482 argum.
999 414 1052 464 in
1067 412 1319 462 Demosth.
1342 428 1382 460 ο.
1397 409 1686 461 Androtion.
1704 410 1860 471 590.)

1053 519 1134 568 88.

316 619 530 682 Imperat
567 631 682 662 vero
721 606 997 674 praefectus
1036 621 1134 652 uno
1180 609 1373 651 tantum
1406 601 1510 659 die,
1551 602 1665 666 quia
1690 602 1852 651 claves
1879 601 2004 651 arcis

177 703 220 750 ei
247 699 512 749 creduntur
539 704 584 744 et
611 691 766 742 omnis
793 687 1004 754 pecunia
1031 685 1255 734 civitatis.
1282 683 1357 733 Ne
1384 684 1534 747 igitur
1559 702 1767 749 regnum
1791 686 2002 746 affectet,

177 790 438 850 propterea
464 796 560 827 uno
587 783 776 825 tantum
810 771 888 819 die
916 775 1111 835 oportet
1135 768 1296 833 ipsum
1322 767 1579 833 imperare.

1048 877 1130 925 89.

309 961 549 1014 Ἐπειδὰν
576 960 624 1009 δὲ
653 962 700 1008 οἱ
728 957 991 1024 πρυτάνεις
1031 955 1354 1025 συναγάγωσι
1393 953 1487 1014 τὴν
1517 955 1716 1019 βουλήν
1743 953 1772 1016 ἢ
1796 954 1889 1005 τὸν
1915 955 2003 1016 δῆ-

171 1069 301 1115 μον,
352 1043 379 1095 ὁ
421 1043 674 1103 ἐπιστάτης
712 1046 890 1109 κληροῖ
927 1039 1196 1104 προέδρους
1233 1042 1405 1097 ἐννέα,
1458 1036 1558 1087 ἀπὸ
1597 1039 1757 1100 φυλῆς
1797 1039 2004 1099 ἑκάστης

174 1138 289 1189 ἕνα,
330 1127 456 1187 πλὴν
494 1128 577 1187 τῆς
616 1124 1045 1191 πρυτανευούσης,
1086 1126 1177 1172 καὶ
1216 1121 1372 1171 πάλιν
1410 1126 1470 1170 ἐκ
1510 1121 1613 1172 τῶν
1638 1127 1782 1172 ἐννέα
1807 1122 2004 1173 τούτων

174 1211 442 1270 ἐπιστάτην
467 1217 555 1260 ἕνα
581 1214 761 1274 κληροῖ
794 1212 883 1257 καὶ
922 1206 980 1256 τὸ
1019 1206 1224 1275 πρᾶγμα
1261 1204 1632 1270 παραδίδωσιν·
1672 1204 1825 1263 αὐτὸς
1852 1205 1901 1255 δὲ
1930 1210 2004 1256 εἰ-

175 1296 313 1363 σάγει
348 1293 439 1353 τὴν
473 1293 649 1352 δίκην,
695 1295 784 1340 καὶ
822 1294 1125 1355 ἐπιμελεῖται
1163 1287 1296 1338 κατά
1337 1287 1499 1352 νόμον
1535 1288 1699 1337 πάντα
1737 1294 2004 1357 γενέσθαι,

174 1382 263 1428 καὶ
285 1377 443 1442 μηδὲν
468 1374 875 1440 παραλειφθῆναι
902 1373 1022 1439 πρὸς
1047 1373 1105 1423 τὸ
1135 1372 1446 1436 διδαχθῆναι
1473 1370 1592 1429 τούς
1619 1371 1872 1430 δικαστάς.

1052 1532 1117 1579 89
1301 1458 1500 1520 (suidas
1518 1476 1527 1506 :
1562 1455 1764 1505 ἑπιστάτ
1772 1461 1862 1518 ης),

317 1618 441 1668 Cum
478 1635 595 1666 vero
621 1625 854 1683 prytanes
881 1623 1108 1666 senatum
1147 1613 1225 1663 vel
1258 1614 1497 1680 populum
1523 1622 1825 1675 convocant,
1865 1632 2005 1679 prae-

177 1704 330 1752 fectus
383 1700 580 1749 sortitur
626 1718 805 1749 novem
856 1699 1096 1765 proedros
1147 1716 1172 1746 e
1223 1697 1430 1760 singulis
1480 1697 1706 1746 tribubus
1757 1699 2006 1762 singulOS‚

176 1791 382 1850 except-a
421 1784 574 1841 tribu,
615 1784 751 1832 cuius
790 1790 864 1831 est
902 1782 1146 1847 prytania.
1203 1781 1389 1829 Rursus
1429 1797 1489 1829 ex
1530 1780 1603 1828 his
1641 1799 1819 1830 novem
1857 1798 2007 1830 unum

175 1868 476 1933 praefectum
502 1867 727 1926 sortitur,
771 1867 911 1930 eique
950 1882 1191 1914 summam
1226 1881 1388 1913 rerum
1426 1864 1712 1924 committit;
1751 1865 1855 1930 ipse
1888 1882 2006 1914 vero

175 1951 374 2014 negotia
411 1950 463 1998 in
503 1950 792 1998 concionem
831 1947 1099 1997 introducit
1138 1955 1186 1996 et
1224 1955 1386 2007 curat⁷
1425 1953 1478 1994 ut
1516 1964 1575 1997 ex
1613 1948 1807 2012 legibus
1845 1948 2009 1996 omnia

175 2034 318 2093 fiant,
358 2049 517 2097 neque
557 2033 819 2097 quicquam
857 2032 1299 2097 praetermittatur,
1340 2029 1402 2078 ad
1431 2029 1620 2091 judices
1660 2030 1734 2092 (id
1763 2038 1836 2080 est
1875 2032 2008 2081 cives

174 2115 224 2164 in
251 2116 486 2164 concione
515 2116 873 2180 congregatos)
901 2113 1196 2163 edocendos.

1054 2221 1133 2268 90.

320 2303 378 2349 Οἱ
418 2300 679 2365 πρυτάνεις
721 2300 812 2360 τὴν
850 2300 1047 2366 βουλὴν
1097 2301 1409 2368 συνάγουσιν
1460 2296 1721 2365 ὁσημέραι,
1774 2301 1904 2361 πλὴν
1943 2300 2010 2352 ἄν

178 2379 361 2445 ἄφετος
387 2405 457 2440 τις
483 2379 536 2447 ᾖ·
579 2388 668 2433 καὶ
709 2383 1060 2452 προγράφουσι
1088 2382 1181 2448 πρὸ
1210 2383 1296 2443 τῆς
1321 2384 1507 2448 βουλῆς
1538 2378 1660 2448 ὑπὲρ
1687 2377 1760 2433 ὦν
1787 2384 1862 2434 δεῖ
1879 2406 2008 2450 χρη-

175 2470 415 2529 ματίζειν.
1340 2469 1549 2529 (Pollux
1576 2471 1712 2532 VIII,
1744 2473 1866 2532 95.)

1055 2541 1135 2588 90.

318 2623 557 2687 Prytanes
610 2625 826 2689 quotidie
866 2632 1171 2689 congregant
1213 2631 1461 2685 senatum,
1515 2625 1607 2673 nisi
1647 2625 1749 2674 dies
1789 2628 2008 2677 nefastus

180 2704 264 2764 sit,
308 2713 355 2752 et
391 2708 731 2769 praescribunt
769 2715 882 2758 ante
922 2715 1172 2768 senatum,
1215 2707 1272 2756 de
1314 2707 1610 2772 quibusnam
1648 2710 1897 2773 agendum
1934 2713 2007 2762 sit.

1055 2813 1135 2861 91.

328 2889 522 2947 Πάντες
561 2895 604 2940 οἱ
644 2893 905 2958 πρυτάνεις
948 2893 1171 2945 θύουσιν
1209 2893 1446 2943 ἑκάστοτε
1486 2896 1637 2960 κοινῇ
1677 2901 1766 2945 καὶ
1807 2899 2007 2949 συνδει-

185 2972 400 3021 πνοῦσιν
427 2971 656 3033 ιῖλληλοις
685 2981 770 3026 καὶ
801 2976 1145 3027 συσπένδουσι.

1093 3064 1369 3124 (Demosth.
1399 3065 1504 3113 fals.
1533 3066 1677 3130 legat.
1709 3067 1865 3127 400.)

1057 3172 1136 3219 91.

322 3247 563 3312 Prytanes
591 3267 757 3298 omnes
789 3270 981 3319 semper
1006 3272 1110 3303 rem
1137 3254 1354 3303 divinam
1391 3255 1573 3304 faciunt
1611 3258 1934 3306 communiter
1960 3268 2008 3310 et

184 3348 280 3382 una
307 3340 516 3382 coenant
541 3334 667 3383 inter
692 3351 740 3383 se
771 3344 818 3384 et
842 3355 938 3388 una
963 3340 1134 3389 libant.
