2114 3642
128 238 228 292 296
849 251 929 283 ωε
955 240 1231 282 PUBLIC‘UM‘.

129 382 231 439 κῶς
259 380 478 449 ἀγορεύῃ
505 401 616 430 τινα
645 378 675 438 ἢ
700 372 969 438 ὑποκρούῃ
1011 369 1041 431 ἢ
1078 376 1200 435 ἕλκῃ
1238 371 1331 422 τὸν
1357 371 1623 432 ἐπιστάτην
1641 411 1653 431 ,
1693 370 1960 438 ἀφειμένης

127 468 209 527 τῆς
236 468 504 523 ἐκκλησίας
534 461 562 522 ι’]
588 463 668 521 τῆς
693 458 880 523 βουλῆς
918 458 1287 520 κυριευέτωσαν
1324 453 1368 504 οἱ
1409 455 1638 520 πρόεδροι
1661 461 1807 521 μέχρι
1838 475 1958 505 πεν-

132 551 346 609 τήκοντα
386 545 627 609 δραχμῶν
663 546 792 590 καθ’
834 546 1051 589 ἕκαστον
1090 535 1313 601 ἀδίκημα
1357 537 1654 607 ἐπιγράφειν
1680 539 1764 598 τῆς
1790 540 1959 603 πράκ-

128 651 312 697 τορσιν.
367 633 430 678 Εἰ
455 630 502 677 δὲ
532 630 740 682 πλέονος
767 621 908 684 ἄξιός
934 628 1033 672 ἐστι
1072 625 1275 686 ζημίας,
1316 621 1641 688 ἐπιβαλόντες
1661 627 1809 687 μέχρι
1839 642 1959 671 πεν-

134 715 348 775 τήκοντα
383 710 625 774 δραχιιῶν
663 712 1026 772 εἰσφερέτωσαν
1065 708 1134 761 εἰς
1159 704 1253 764 τὴν
1277 704 1473 771 βουλὴν
1498 703 1527 764 ἢ
1553 708 1620 761 εἰς
1646 704 1738 765 τὴν
1764 704 1957 769 πρώτην

128 800 415 856 ἐκκλησίαν.
454 791 621 842 ΓὈταν
644 793 688 841 δ’
716 795 877 852 ἐξίωσι
907 789 1134 850 κλήσεις,
1170 790 1493 855 κρινάτωσαν
1511 806 1521 818 ·
1560 793 1650 838 καὶ
1678 787 1770 837 ἐάν
1795 808 1957 837 κατα-

128 879 334 948 γνωσθῇ
374 875 535 926 αὐτοῦ
577 875 808 941 κρύβδην
847 878 1241 940 ψηφιζομένων,
1282 872 1686 941 ἐγγραψάτωσαν
1722 873 1768 920 οἱ
1809 870 1957 936 πρόε-

129 966 232 1026 δροι
264 969 367 1016 τοῖς
395 961 724 1025 πράκτορσιν.

494 1034 626 1094 (Lex
654 1033 850 1082 Solonis
877 1031 1009 1097 apud
1038 1030 1265 1082 Aeschin.
1293 1047 1332 1079 c.
1360 1030 1608 1079 Timarch.
1636 1027 1679 1094 ξ.
1708 1030 1816 1089 35.)

974 1139 1124 1187 1167.

266 1213 450 1278 Siquis
477 1221 724 1262 oratorum
762 1212 813 1259 in
854 1218 1028 1259 senatu
1067 1218 1151 1258 aut
1189 1227 1279 1274 pro
1313 1210 1553 1259 concione
1582 1207 1815 1258 conviciis
1841 1208 1959 1256 afl'e-

124 1298 243 1346 cerit
281 1298 488 1361 aliquem
529 1304 612 1343 aut
652 1293 958 1343 maledixerit
997 1293 1168 1351 alicui,
1221 1300 1303 1340 aut
1342 1291 1467 1357 pede
1507 1291 1841 1356 supploderit,
1881 1297 1963 1338 aut

123 1380 426 1445 praefectum
454 1379 685 1437 traxerit,
725 1377 926 1425 dimissa
950 1377 1187 1425 concione
1216 1382 1299 1423 aut
1326 1383 1526 1436 senatu,
1563 1376 1667 1440 ejus
1693 1372 1961 1422 mulctandi

124 1472 343 1529 potestas
371 1470 474 1511 esto
502 1480 654 1528 penes
693 1460 944 1527 praesides
980 1477 1131 1524 usque
1159 1458 1218 1507 ad
1248 1459 1606 1523 quinquaginta
1632 1457 1885 1507 drachmas
1912 1457 1961 1505 in

123 1547 316 1611 singula
350 1547 530 1594 delicta
569 1544 800 1593 inulctam
841 1542 1127 1608 imponendi
1156 1549 1204 1590 et
1230 1542 1281 1589 in
1307 1542 1502 1590 tabulas
1530 1541 1840 1589 exactoribus
1866 1547 1961 1587 tra-

124 1629 309 1678 dendas
337 1628 648 1678 inscribendi.
702 1627 889 1688 Quodsi
929 1626 1208 1690 graviorem
1251 1625 1485 1674 meruisse
1525 1641 1732 1689 poenam
1778 1623 1962 1672 videbi-

124 1722 227 1774 tur,
268 1712 453 1761 indicta
477 1712 659 1760 mulcta
697 1728 850 1775 usque
887 1709 946 1757 ad
987 1708 1345 1773 quinquaginta
1384 1707 1664 1759 drachmas,
1706 1706 1963 1755 deferunto

125 1796 185 1845 ad
212 1805 438 1845 senatum
466 1803 549 1844 aut
576 1795 636 1843 ad
666 1795 873 1860 primam
915 1793 1205 1841 concionem
1244 1792 1292 1839 in
1327 1791 1474 1839 curia.
1528 1790 1627 1839 Ubi
1656 1798 1818 1839 autem
1847 1789 1961 1837 cita-

124 1880 282 1929 tiones
310 1880 671 1940 recensuerint,
705 1878 979 1944 judicantO.
1031 1876 1217 1937 Quodsi
1246 1874 1603 1923 condemnatus
1632 1873 1800 1932 fuerit,
1835 1872 1961 1920 elain

126 1964 361 2028 suffragia
398 1961 667 2012 ferentibus
707 1960 1048 2019 senatoribus,
1102 1958 1355 2024 praesides
1394 1957 1628 2006 mulctam
1678 1957 1727 2004 in
1767 1954 1960 2004 tabulas

127 2055 408 2095 exactorum
435 2045 698 2094 referuntO.

968 2113 1117 2162 1168.

274 2200 370 2259 Τῆς
407 2196 599 2263 ὕβρειιις
637 2195 695 2245 τὸ
734 2199 922 2260 τίμημα
963 2190 1066 2243 οὔκ
1106 2199 1205 2242 ἐστι
1246 2192 1340 2241 τοῦ
1382 2191 1673 2252 παθόντος,
1713 2190 1842 2241 ἀλλὰ
1871 2191 1958 2250 δη-

123 2282 321 2345 μόσιον.
1315 2279 1517 2338 (Pollux
1545 2277 1679 2339 VIII,
1709 2278 1823 2337 42.)

978 2353 1125 2401 1168.

270 2427 610 2476 Contumeliae
641 2425 823 2473 mulcta
851 2442 950 2472 non
978 2424 1323 2473 contumeliam
1351 2424 1481 2488 passi
1510 2428 1606 2483 est,
1638 2421 1719 2470 sed
1749 2420 1958 2487 publiea.

920 2610 1069 2670 Μέρος
1105 2613 1170 2654 θ’.

766 2695 936 2753 Περὶ
987 2693 1336 2750 μοιχείας,

944 2852 1085 2893 Pars
1117 2853 1155 2892 9.

792 2936 878 2979 De
932 2934 1309 2977 adulterio.

285 3127 490 3188 Mmfflh‘
517 3128 714 3179 ἀνελεῖν
747 3128 810 3193 τῷ
839 3125 1048 3192 λαβόντι
1083 3127 1249 3184 ἔξεστι.

601 3216 729 3274 (Lex
759 3213 953 3261 Solonis
980 3210 1109 3277 apud
1139 3207 1383 3257 Plutarch.
1412 3209 1461 3256 in
1489 3205 1683 3255 Solone.
1713 3206 1821 3263 23.)

287 3390 566 3440 Adulterum
597 3391 996 3455 deprehendens,
1030 3393 1110 3456 jus
1136 3388 1312 3436 habeat
1341 3406 1451 3437 eum
1480 3385 1746 3435 occidendi.
