2161 3673
316 224 381 270 66
1036 234 1117 267 1th
1149 228 1421 263 mancum.

316 361 401 421 τῆς
426 361 585 424 φυλῆς
613 359 850 419 ἑκάστης’
886 354 1137 406 διοικοῦσι
1177 351 1224 402 δὲ
1263 351 1325 401 τὰ
1364 349 1746 417 πιπρασκόμενα
1781 345 1888 400 ὖπό
1927 350 2013 411 τῆς
2039 349 2134 400 πό-

316 449 432 502 λεως
458 444 621 494 πάντα
640 483 650 502 ,
690 448 799 501 τέλη
825 440 923 490 ’καὶ
944 442 1167 504 μέταλλα
1193 439 1282 485 καὶ
1303 435 1577 501 μισθώσεις
1602 438 1691 483 καὶ
1719 432 1778 482 τὰ
1808 433 2134 499 δημευόμενα.

321 527 646 590 Πωλητήριον
685 526 731 574 δὲ
772 527 992 573 καλεῖται
1033 517 1060 570 ὁ
1102 520 1280 578 τόπος,
1334 521 1463 568 ἔνθα
1516 516 1904 582 συνεδρεύουσιν
1943 520 1988 567 οἱ
2032 539 2133 566 πω-

317 613 472 669 ληταί,
1581 603 1992 670 (Harpocratio.).

1163 690 1279 738 254.

456 786 746 836 Venditores
787 785 1054 850 (poletae)
1100 784 1270 834 decem
1307 799 1511 832 numero
1547 782 1664 844 viri,
1706 800 1731 832 e
1770 780 1967 845 singula
2004 780 2134 831 tribu

315 888 463 930 unuS,
503 869 584 932 qui
622 867 783 916 omnia
821 885 944 933 quae
982 885 1011 916 a
1049 868 1243 917 civitate
1270 867 1552 915 venduntur
1578 865 1945 915 administrant:
1985 864 2132 912 vecti-

312 951 465 1016 galia,
493 950 716 1011 metalla,
743 950 1082 1015 redempt-uras
1110 958 1158 999 et
1184 967 1308 1016 quae
1333 949 1658 1015 publicantur.
1709 946 1988 996 Poleterion
2017 963 2134 995 vero

312 1033 587 1099 appellatur
612 1034 772 1094 locus,
813 1035 896 1082 ubi
923 1034 1117 1100 poletae
1144 1033 1398 1084 considere
1425 1032 1598 1081 solent.

1161 1164 1276 1211 255.

454 1259 692 1315 Πωληταί
734 1255 794 1304 τά
834 1260 943 1315 τέλη
984 1255 1321 1320 πιπράσκουσι
1355 1253 1484 1319 μετά
1524 1253 1625 1302 τῶν
1663 1258 1740 1302 ἐπὶ
1778 1253 1836 1303 τὸ
1880 1252 2134 1318 θεωρικόν

308 1333 592 1404 ᾑρημένων,
632 1342 720 1387 καὶ
760 1337 847 1396 τὰς
879 1339 981 1387 τῶν
1006 1343 1055 1398 ἐξ.
1077 1337 1284 1406 Ἀγείου
1312 1338 1478 1406 πάγου
1499 1335 1626 1401 μετὰ
1649 1335 1745 1386 τόν
1773 1336 2016 1402 πρότερον
2042 1337 2133 1386 λό-

308 1441 404 1490 γον
428 1422 702 1490 φυγόντων
731 1420 921 1479 οὐσίας.
972 1420 1290 1487 Πρυτανεύει
1330 1420 1379 1470 δὲ
1421 1427 1470 1481 ἐξ
1510 1419 1683 1470 αὐτῶν
1721 1417 1816 1479 εἷς,
1858 1416 1912 1477 ὃς
1936 1420 1997 1468 τά
2028 1441 2133 1469 πω-

309 1505 527 1569 λούμενα
552 1507 767 1570 βεβαιοῖ.
814 1503 1126 1573 Ἀπάγονται
1169 1504 1216 1552 δὲ
1258 1502 1378 1566 πρὸς
1415 1502 1628 1561 τούτους
1666 1508 1752 1553 καὶ
1795 1506 1841 1553 οἱ
1862 1507 2134 1568 μετοίκιον

304 1587 374 1651 μὴ
400 1592 635 1645 τιθέντες,
1467 1590 1670 1650 (Pollux
1697 1590 1832 1652 VIII,
1863 1591 1989 1652 99.)

1160 1676 1274 1723 255.

450 1769 741 1819 Venditores
779 1770 959 1818 telonia
995 1769 1217 1820 vendunt
1256 1788 1368 1819 eum
1408 1769 1571 1819 electis
1606 1770 1710 1819 fisci
1737 1770 2129 1834 magistratibuS‚

309 1862 357 1901 et
383 1870 576 1914 eorum,
618 1853 699 1918 qui
721 1860 832 1918 post
858 1853 1061 1918 primam
1088 1870 1148 1903 ex
1176 1852 1437 1919 Areopago
1476 1854 1757 1919 apologiam
1796 1854 1963 1903 exules
1991 1862 2129 1913 sunt,

308 1936 625 1996 substantias,
667 1945 715 1985 et
754 1936 1004 2002 publicata
1040 1938 1197 1986 bona:
1236 1955 1362 1986 unus
1404 1946 1567 1986 autem
1600 1954 1659 1986 ex
1686 1936 1759 1985 his
1787 1944 2004 2003 praeest,
2047 1937 2128 2002 qui

307 2019 506 2069 vendita
545 2021 814 2068 confirmat.
878 2020 954 2069 Ad
993 2020 1079 2069 hos
1118 2037 1311 2086 quoque
1351 2020 1573 2084 inquilini
1610 2020 1829 2069 nondum
1873 2020 2005 2069 censi
2045 2021 2128 2068 ab·

309 2101 564 2151 ducuntur.

1158 2175 1272 2222 256.

451 2267 511 2313 02
538 2269 755 2324 πωληταιῖ
795 2266 898 2313 πᾶν
936 2263 1246 2327 ὀφειλόντων
1283 2267 1353 2331 τῴ
1395 2268 1615 2331 δημοτίῳ
1654 2266 1786 2315 κατά
1816 2271 2129 2331 προθεςμίαν

307 2352 396 2396 καὶ
416 2346 486 2411 μὴ
517 2346 869 2397 ἀποδιδόντων
895 2349 1228 2412 πιπράσκουσι
1255 2350 1343 2407 τάς
1371 2349 1571 2408 οὐσίας·
1617 2346 1912 2400 ὑπόκεινται,
1950 2353 1998 2400 δὲ
2026 2359 2128 2406 τοῖς

310 2435 549 2490 πωληταῖς
585 2435 677 2479 καὶ
706 2426 816 2480 ὅσοι
841 2430 899 2480 τό
929 2431 1206 2500 διαγραφὴν
1242 2433 1495 2501 ἀργύριον
1530 2440 1585 2483 ἐν
1624 2439 1821 2499 πολέμῳ
1855 2434 1925 2499 μή
1961 2438 2128 2497 εἰσφέ-

309 2531 480 2577 ρωσιν·
522 2516 594 2563 ἔτι
619 2517 710 2563 καὶ
737 2516 785 2563 οἱ
810 2517 974 2574 ξενίας
999 2511 1229 2575 ἁλόντες,
1269 2522 1358 2566 καὶ
1398 2512 1424 2566 ό
1455 2522 1691 2581 μέτοικος
1730 2522 1817 2567 καὶ
1852 2517 2130 2582 προστάτην

311 2594 410 2644 οὐκ
448 2600 580 2660 ἔχων
617 2601 708 2646 καὶ
744 2592 771 2646 ό
815 2596 1127 2647 ἀποστασίου
1165 2604 1397 2665 γραφείς·
1456 2600 1651 2650 τούτων
1696 2600 1791 2668 γάρ
1832 2602 1915 2659 τὰς
1954 2600 2129 2657 οὐσίας

310 2679 588 2736 πωλοῦντες
618 2680 1165 2744 παρακαταβάλλουσιν
1191 2686 1258 2739 εἰς
1285 2682 1341 2732 τὸ
1368 2683 1622 2749 δημόσιον.

1427 2770 1652 2831 (Suidas:
1696 2768 1986 2832 Πωλητὴς.).

1158 2852 1272 2900 256.

452 2941 747 2995 Venditores
775 2946 904 2995 bona
931 2963 1098 2996 eorum
1123 2948 1373 3008 vendunt,
1410 2950 1487 3015 qui
1515 2951 1810 3017 reipublicae
1836 2949 2019 3016 aliquid
2046 2950 2124 3000 de·

309 3024 452 3083 bent,
491 3042 646 3091 neque
687 3029 814 3078 intra
853 3030 1170 3080 constitutum
1206 3030 1334 3079 diem
1362 3033 1524 3082 debita
1551 3035 1762 3083 solvunt.
1814 3031 1902 3082 His
1929 3033 2125 3082 obnoxii

308 3116 421 3156 sunt
447 3108 591 3157 etiam
618 3109 710 3169 illi,
751 3112 829 3175 qui
859 3112 1152 3178 descriptam
1194 3115 1450 3179 pecuniam
1480 3118 1526 3164 in
1554 3118 1683 3166 bello
1714 3135 1812 3165 non
1841 3118 2124 3171 conferunt2

306 3194 419 3240 item
461 3191 820 3257 peregrinitatis
861 3195 1071 3245 convicti
1100 3204 1146 3245 et
1171 3184 1393 3260 inquilini
1423 3200 1498 3247 vel
1527 3209 1786 3265 patronum
1814 3216 1912 3249 non
1939 3199 2121 3250 haben·

308 3280 378 3321 tes
401 3273 480 3322 vel
507 3274 727 3324 desertae
756 3277 1008 3329 clientelae
1037 3281 1118 3329 rei.
1176 3279 1364 3329 Horum
1405 3284 1530 3330 onim
1569 3284 1696 3331 bona
1740 3283 1956 3332 vendunt
1996 3291 2039 3331 et
2074 3284 2121 3331 in

308 3356 543 3406 aerarium
569 3356 797 3407 referunt.
