2114 3642
384 190 448 221 DE
475 187 746 221 FOEDANDE
772 186 1181 220 VERBERATIONE.
1209 199 1252 205 -
1281 185 1345 217 DE
1371 183 1557 218 FURTO.
1788 169 1890 218 403

55 315 199 380 gibus
226 315 430 366 definita
455 332 553 363 non
582 321 680 375 est,
720 313 807 364 sed
847 321 982 363 actor
1008 314 1057 362 in
1084 313 1252 363 libello
1280 330 1368 363 suo
1394 313 1623 380 injuriam
1650 313 1890 375 aestimat,

52 400 112 449 de
140 416 294 466 eaque
320 417 371 448 re
392 399 584 464 judices
613 404 931 461 cognoscunt.

903 501 1051 551 1572.

184 593 265 647 ‘H
283 600 432 647 αἰκία
459 596 598 646 τοῦτ’
625 600 792 653 ἐστιν,
835 590 889 650 ὃς
928 591 994 644 (ἲν
1033 589 1158 660 ἄρξῃ
1191 596 1383 662 χειρῶν
1416 595 1615 647 ἀδίκων
1640 594 1889 662 πρότερος.

976 680 1255 741 (Demosth.
1283 683 1331 730 in
1360 684 1540 748 Everg.
1570 683 1751 743 1151.)

904 789 1054 839 1572.

195 887 423 938 Foedans
462 886 743 936 verberatio
782 892 881 948 est,
923 886 961 934 si
1001 886 1109 952 quis
1149 903 1237 952 per
1276 886 1500 952 injuriam
1542 886 1683 936 alteri
1723 903 1896 936 manus

53 972 267 1022 attulerit
293 972 443 1038 prior.

898 1041 1047 1092 1573.

194 1139 382 1193 Αἰκίας
422 1135 540 1196 δίκη
577 1134 828 1204 εἰσάγεται
866 1133 1009 1191 ἐντὸς
1049 1129 1246 1200 ἧμερῶν
1283 1132 1566 1199 τεσσάρων,
1608 1138 1727 1199 πρὶν
1768 1132 1799 1194 ἢ
1835 1133 1895 1183 τὰ

57 1218 173 1283 ἴχνη
199 1220 302 1270 τῶν
330 1220 533 1289 πληγῶν
561 1217 929 1282 ἀφανισθῆναι.
1078 1221 1272 1281 (Lexie.
1301 1221 1504 1284 Seguer.
1533 1239 1580 1286 p.
1611 1221 1756 1281 360.)

899 1328 1050 1378 1573.

198 1425 466 1475 Foedantis
493 1424 852 1473 verberationis
880 1424 1006 1472 actio
1033 1423 1360 1473 introducitur
1386 1424 1515 1473 intra
1540 1431 1770 1488 quattuor
1798 1423 1900 1472 dies

58 1508 192 1574 prius
218 1527 366 1574 quam
393 1509 606 1572 vestigia
632 1508 895 1557 verberum
923 1516 1236 1557 evanescant.

200 1723 362 1770 Αἰκία
391 1720 612 1786 διαφέρει
640 1718 862 1786 ὕβρεως,
904 1718 981 1769 ὅτι
1010 1723 1159 1769 αἰκία
1180 1721 1278 1784 μὲν
1305 1714 1331 1780 ἦ
1363 1718 1444 1768 διὰ
1482 1719 1715 1789 πληγῶν,
1756 1718 1902 1786 ὕβρις

61 1806 109 1855 δὲ
137 1809 227 1854 καὶ
255 1802 380 1855 ἄνευ
408 1806 611 1873 πληγῶν
633 1803 761 1870 μετὰ
792 1804 1216 1869 προπηλακισμοῦ
1246 1807 1335 1853 καὶ
1363 1805 1635 1868 ἐπιβουλῆς
1654 1821 1663 1831 ·
1705 1803 1783 1854 διὸ
1812 1809 1901 1853 καὶ

60 1888 281 1938 amoma
312 1889 572 1945 ἐλάττονες
598 1890 683 1949 τῆς
710 1893 896 1946 αἰκίας.
1066 1892 1277 1952 (Lexica
1303 1891 1507 1956 Seguer.
1537 1911 1582 1958 p.
1613 1893 1762 1954 355.)

203 2095 431 2145 Foedans
470 2096 751 2145 verberatio
791 2095 956 2144 differt
994 2113 1023 2144 a
1062 2096 1386 2158 contumelia,
1430 2094 1559 2161 quod
1598 2096 1681 2145 illa
1721 2097 1775 2144 fit
1817 2112 1907 2161 per

63 2180 296 2241 verbera,
337 2180 633 2229 contumelia
660 2197 776 2228 vero
803 2180 950 2228 etiam
977 2180 1082 2228 sine
1111 2180 1429 2243 verberibus,
1470 2197 1583 2229 eum
1616 2181 1815 2229 inimica
1842 2179 1903 2227 ir-

62 2264 242 2313 risione
272 2271 319 2312 et
344 2263 559 2325 insidiis3
587 2262 696 2312 ideo
724 2264 869 2312 etiam
898 2263 1143 2313 foedantis
1169 2263 1526 2313 verberationis
1554 2264 1767 2314 minores
1795 2270 1906 2310 sunt

63 2365 266 2413 poenae.

845 2512 1027 2578 Τμῆμα
1065 2513 1130 2581 γ’.

697 2624 895 2685 Περὶ
959 2621 1284 2679 κλοπῆς.

865 2827 1025 2876 Sectio
1066 2828 1111 2876 3.

792 2937 835 2984 D
867 2953 891 2984 e
956 2936 1028 2984 fu
1053 2954 1074 2983 r
1100 2942 1118 2984 t
1143 2952 1185 2982 O.

202 3167 272 3219 “O
309 3192 354 3219 τι
396 3166 464 3218 ἰίν
501 3190 573 3226 τις
612 3167 859 3232 ἀπολέσῃ,
897 3170 989 3220 ἐὰν
1022 3172 1119 3234 μὲν
1159 3166 1287 3218 αὐτὸ
1316 3166 1477 3232 λάβῃ,
1515 3166 1609 3228 τὴν
1637 3166 1909 3217 διπλασίαν

75 3252 466 3313 καταδικάζειν,
509 3251 601 3302 ἐάν
629 3252 677 3301 δὲ
701 3250 770 3316 μή
793 3293 805 3316 ‚
833 3252 924 3312 τὴν
949 3255 1221 3302 διπλασίαν
1247 3249 1368 3316 πρὸς
1393 3258 1497 3308 τοῖς
1524 3254 1768 3307 ἐπαιτίοις
1788 3268 1797 3278 ·
1827 3251 1908 3300 δε-

76 3336 251 3385 δέσθαι
292 3336 336 3384 δ’
376 3342 431 3387 ἐν
468 3338 529 3400 τῇ
568 3335 840 3398 ποδοκάκῃ
880 3335 974 3385 τὸν
1013 3335 1144 3384 πόδα
1184 3338 1329 3384 πένθ’
1371 3330 1548 3399 ἡμέρας
1587 3339 1677 3384 καὶ
1720 3333 1910 3391 νύκτας

1542 3421 1628 3463 26*
