2114 3642
609 211 1015 243 coMMENTAfflUs
1047 211 1114 242 An
1143 211 1198 243 58.
1227 210 1284 242 60.
1316 209 1371 242 69.
1807 194 1908 240 425

75 339 294 399 ρουσία).
351 339 524 402 „Unus
567 356 624 386 ex
669 337 752 385 illo
796 338 1077 403 principum
1118 338 1316 397 ordine,
1371 354 1494 400 quos
1532 335 1908 383 Lacedaemonii

73 428 258 482 aetate,
301 422 646 487 dignitatisque
675 421 957 485 majestate,
999 429 1248 486 tamquam
1287 420 1581 469 arbitros
1621 426 1679 466 et
1718 419 1908 481 magi-2

72 511 244 554 stros
296 505 700 571 disciplinae
751 504 1059 569 publicae
1111 502 1462 554 ve1·ebantur.“
1530 501 1732 563 (Gelius
1770 501 1910 550 Noct.

73 586 180 639 Act.
206 588 395 653 XVIII,
424 590 498 650 3.)
871 656 969 709 Ad.
1008 658 1093 710 58

215 768 414 817 Bekker
454 767 642 816 Anecd.
685 785 757 831 gr.
787 768 821 815 I.
862 785 908 832 p.
939 768 1067 815 252:
1102 762 1452 812 'Enim-va·
1491 763 1551 812 τά
1594 761 1697 813 οὐκ
1724 768 1784 813 ἐκ
1811 762 1913 811 τῶν

73 846 248 912 νόμων
285 852 346 911 τῇ
390 848 556 913 βουλῇ
607 853 1015 915 προστεταγμέιά
1056 853 1106 907 ἐξ
1147 846 1329 912 ἀρχῆς,
1384 845 1513 895 ἀλλὰ
1554 851 1909 913 προστεθέντα.

73 929 349 993 (Ἐπίθετα
376 942 503 996 sunt,
532 952 657 1000 quae
684 952 786 983 non
810 953 834 984 e
859 935 1053 999 legibus
1080 935 1274 985 fuerant
1301 935 1363 983 ab
1391 935 1530 983 initio
1558 934 1749 985 senatui
1775 950 1910 983 man-

73 1017 210 1080 data,
252 1017 337 1067 sed
366 1017 544 1068 deinde
572 1017 778 1080 addita.)

878 1124 977 1177 Ad
1017 1125 1122 1177 60.

214 1232 411 1282 Bekker
440 1232 625 1283 Anecd.
665 1252 736 1296 gr.
766 1235 801 1282 Ι.
843 1252 890 1299 p.
920 1234 1036 1282 311.
1094 1235 1221 1293 Hch‘
1257 1228 1466 1296 Ἀρείου
1494 1229 1661 1297 πάγου
1691 1272 1698 1282 .
1728 1272 1736 1281 .
1769 1271 1775 1278 .
1810 1271 1814 1275 .
1846 1234 1914 1286 εἰς

73 1314 261 1374 ταύτην
301 1312 680 1380 ἀναβαίνουσιν
722 1317 767 1362 οἱ
809 1315 979 1370 καλῶς
1019 1310 1261 1379 ἄρξαντιης
1305 1319 1648 1377 θεσμοθέται,
1690 1312 1914 1363 ἀνυπεύ-

73 1404 229 1448 θυνοι
270 1397 553 1466 γεινόμενοι.
619 1402 677 1450 ln
719 1400 1036 1466 Areopagum
1088 1400 1367 1449 ascendunt
1406 1399 1792 1460 thesmothetae,
1833 1401 1917 1464 qui

72 1486 276 1534 honeste
315 1485 658 1548 magistratum
708 1490 970 1548 gesserunt
1010 1491 1058 1533 et
1096 1501 1196 1532 non
1235 1484 1446 1549 amplius
1486 1492 1600 1532 sunt
1642 1483 1917 1532 rationibus

74 1569 319 1629 obnoxii.)

216 1652 309 1703 Hic
324 1660 490 1702 tamen
508 1652 596 1700 sub
614 1651 955 1701 thesmothetis
984 1669 1164 1701 novem
1192 1651 1453 1700 archontes
1481 1650 1665 1700 debent
1692 1650 1915 1715 intelligi.

873 1792 972 1845 Ad
1012 1793 1118 1845 69.

215 1902 361 1969 Apud
388 1902 808 1952 Lacedaemonios
848 1902 1142 1951 adsidebant
1179 1918 1321 1966 reges
1360 1901 1751 1952 deliberantibus
1779 1919 1915 1950 sena-

74 1986 289 2046 toribus,
330 1987 412 2052 qui
441 1994 580 2036 erant
606 2003 811 2035 numero
852 1986 1246 2050 duodetriginta:
1287 1986 1463 2051 quodsi
1489 1987 1538 2034 in
1566 1994 1792 2035 senatum
1818 2003 1916 2034 non

74 2071 351 2130 venissent,
391 2069 440 2118 hi
468 2087 493 2119 e
523 2071 860 2131 senatoribus,
903 2071 979 2135 qui
1023 2069 1236 2136 proximi
1272 2087 1356 2119 eos
1384 2071 1679 2132 cognatione
1707 2070 1915 2133 attinge-

74 2153 209 2214 bant,
236 2172 410 2219 rcgum
437 2154 689 2204 habebant
715 2154 943 2216 honores,
975 2162 1021 2203 et
1038 2154 1135 2202 duo
1157 2154 1394 2218 suffragia
1421 2154 1750 2213 contulerunt,
1779 2169 1915 2219 prae-

74 2245 305 2303 tereaque
333 2238 555 2296 tertium,
596 2257 739 2288 suum
766 2239 997 2304 ipsorum.
1039 2239 1113 2298 (H
1130 2255 1191 2286 er
1208 2257 1234 2287 o
1253 2237 1283 2285 d
1300 2245 1374 2285 ot.
1401 2237 1487 2297 Vl,
1520 2239 1599 2298 57,
1631 2239 1703 2297 6.)

218 2321 378 2382 Schol.
406 2333 456 2381 in
483 2333 760 2399 Thucydid.
789 2335 826 2393 I,
868 2334 960 2380 20:
1003 2331 1051 2378 οἱ
1090 2328 1524 2395 Λακεδαιμονίων
1564 2329 1658 2379 δύο
1697 2332 1915 2395 βασιλεῖς

75 2412 281 2479 ψήφους
309 2415 495 2479 ἔφερον
522 2419 578 2464 ἐν
604 2414 662 2478 τῇ
690 2416 929 2483 γερουσίᾳ
965 2412 1200 2478 ἑκάτερος
1240 2418 1354 2472 ἕνα,
1397 2412 1454 2461 δι
1472 2435 1539 2462 ττ
1558 2411 1581 2472 ἡ
1600 2433 1630 2462 ν
1670 2415 1783 2476 ἴχο
1800 2433 1869 2462 vv
1886 2432 1917 2459 α

77 2497 383 2559 δύναμιν.
437 2501 582 2561 (Duo
622 2501 1126 2551 Lacedaemoniorum
1164 2517 1307 2565 reges
1347 2500 1560 2549 calculos
1601 2499 1828 2548 ferebant
1866 2498 1915 2546 in

75 2592 248 2634 senatu
274 2591 479 2649 uterque
506 2602 686 2646 unum,
728 2585 809 2651 qui
838 2585 1041 2651 duplam
1066 2584 1282 2634 habebat
1308 2585 1450 2644 vim.)

218 2678 316 2728 Sed
354 2680 459 2745 ipse
499 2680 815 2745 Thucydides
855 2681 918 2741 (I,
950 2680 1043 2739 20)
1084 2679 1226 2740 dicit,
1267 2678 1397 2744 quod
1431 2678 1611 2737 multa,
1652 2694 1776 2742 quae
1803 2694 1915 2727 nec-

77 2764 193 2813 dum
219 2769 425 2828 propter
460 2769 757 2812 vetustatem
792 2763 1030 2813 memoria
1069 2761 1379 2822 exciderunt,
1421 2761 1570 2810 ceteri
1598 2760 1776 2809 Graeci
1814 2779 1915 2809 non

74 2854 205 2896 recte
233 2847 524 2912 opinentur:
564 2847 718 2895 veluti
760 2847 1270 2897 Lacedaemoniorum
1307 2862 1450 2908 reges
1483 2845 1533 2892 in
1559 2845 1804 2908 suffragiis
1846 2845 1913 2893 fe-

77 2931 239 2980 rendis
267 2947 368 2978 non
395 2930 602 2993 singulis
632 2947 874 2996 quemque
898 2970 906 2992 ,
949 2930 1034 2979 sed
1061 2930 1190 2978 binis
1217 2929 1286 2977 uti
1314 2929 1524 2977 calculis.

218 3027 477 3090 Lycurgus
519 3032 768 3074 senatores
806 3026 946 3074 initio
987 3025 1130 3073 exiis
1159 3023 1436 3083 constituit,
1476 3040 1597 3088 quos
1625 3024 1814 3073 consilii
1841 3042 1914 3072 so-

79 3110 180 3158 cios
207 3109 403 3170 habuit,
443 3117 555 3174 post
595 3115 760 3156 autem
797 3109 846 3157 in
886 3107 1106 3156 defuncti
1133 3107 1295 3155 locum
1316 3106 1463 3171 jussit
1491 3123 1600 3154 eum
1627 3107 1912 3171 subrogari,

79 3192 159 3256 qui
197 3193 324 3241 inter
361 3192 688 3256 sexagenario
727 3193 938 3257 majores
979 3191 1158 3238 virtut-e
1211 3189 1408 3254 reliquis
1447 3190 1632 3238 anteire
1666 3190 1913 3255 judicatus

78 3275 262 3324 fuisset.
314 3275 566 3323 ‚Iudicium
606 3275 654 3323 id
693 3275 761 3323 ita
799 3275 974 3323 fiebat:
1015 3273 1257 3322 advocato
1297 3273 1347 3320 in
1387 3274 1675 3322 concionem
1702 3272 1912 3338 populo,

80 3359 171 3407 viri
198 3359 393 3423 quidam
419 3360 480 3409 ad
508 3361 599 3410 hoc
627 3359 804 3409 delecti
830 3360 882 3408 in
908 3358 1244 3424 propinguum
1281 3358 1514 3409 conclave
1550 3357 1911 3407 concludeban-
