2114 3642
119 221 222 270 418
696 231 1103 266 COMMENTARIUS
1130 230 1199 261 AD
1228 226 1284 262 16.
1313 227 1369 262 18.

120 365 170 412 in
198 364 403 414 alterum
429 371 592 413 autem
619 378 766 426 quum
792 358 1038 423 legitimae
1065 358 1187 406 fiunt
1218 356 1420 419 aetatis;
1458 362 1506 405 et
1530 355 1608 404 hic
1632 354 1782 405 index
1809 370 1956 403 voca-

119 454 197 496 tur
234 448 447 496 album
486 445 763 502 civium)

261 543 374 591 Non
395 544 518 591 bene
542 541 687 603 igitur
706 538 960 601 distinguit
985 537 1026 584 Β
1043 543 1069 585 ὃ
1085 537 1163 586 hn
1179 551 1204 584 e
1218 554 1244 585 c
1258 536 1292 584 k
1308 552 1332 584 e
1360 535 1480 585 duas
1507 534 1800 585 maturitatis
1827 539 1958 583 aeta-

118 632 217 685 tes,
258 642 461 690 quarum
500 640 597 671 una
637 621 838 670 cuilibet
867 619 1239 671 Atheniensium
1273 619 1358 684 jus
1397 619 1458 667 ad
1491 617 1960 685 apprehendendam

118 716 372 773 paternam
399 706 738 766 substantiam,
767 705 920 754 altera
945 721 1064 753 vero
1081 703 1164 769 jus
1191 703 1401 752 civitatis
1428 703 1612 752 tribuit.
1640 703 1700 752 V.
1730 702 1763 751 S
1779 720 1804 751 c
1820 700 1894 751 ha
1910 717 1957 749 e-

121 792 242 840 fer:
268 789 624 839 Demosthenes
651 788 750 837 und
775 788 908 837 seine
935 787 1056 837 Zeit.
1096 787 1237 836 Tom.
1267 787 1355 836 III.
1384 805 1430 852 p.
1460 787 1540 836 26.

259 883 416 933 Schol.
457 883 775 950 Aristophan.
816 882 965 948 Vesp.
1008 881 1134 929 578:
1180 875 1526 943 Ἀριστοτέλης
1565 877 1618 927 δέ
1655 895 1838 940 φησιν,
1879 874 1958 925 ὅτι

125 965 276 1031 ψήφῳ
317 967 363 1013 οἱ
403 963 779 1033 ἐγγραψάμενοι
821 962 1225 1027 δοκιμάζονται,
1267 965 1315 1011 εἰ
1353 960 1582 1027 νεώτεροι
1615 960 1687 1025 μὴ
1728 961 1855 1011 ἐτῶν
1893 960 1952 1020 ιη’

117 1049 228 1101 εἶεν.
269 1049 584 1113 (Aristoteles
613 1049 743 1111 dicit,
771 1049 902 1115 quod
927 1049 1146 1115 inscripti
1173 1049 1410 1113 suffragio
1439 1047 1770 1114 explorentur,
1798 1054 1959 1095 utrum

115 1154 214 1185 non
241 1135 342 1184 sint
361 1135 584 1200 juniores
612 1133 883 1183 octodecim
910 1133 1095 1192 annis.)

256 1231 315 1279 In
352 1230 568 1278 virorum
607 1230 773 1278 album
813 1229 981 1279 referri
1020 1229 1150 1277 idem
1176 1237 1246 1278 est
1272 1246 1329 1277 ac
1364 1227 1565 1294 probari
1600 1221 1959 1290 (δοκιμασθῆ-

118 1316 225 1374 ναι)
254 1322 301 1363 et
329 1315 409 1379 qui
434 1314 654 1364 nondum
680 1314 729 1362 in
756 1315 925 1363 album
950 1313 1129 1362 relatus
1156 1320 1253 1374 est,
1282 1331 1383 1362 non
1411 1313 1648 1378 probatus
1676 1311 1881 1372 dicitur,
1907 1316 1961 1357 ut

113 1398 281 1447 scribit
307 1397 636 1465 Harpocratio
666 1414 700 1446 s.
730 1417 774 1446 v.
803 1392 1164 1459 ἀδοκίμαστος.

256 1494 315 1543 In
345 1493 509 1542 album
538 1492 706 1542 referri
734 1492 988 1541 dicebatur
1027 1493 1171 1541 etiam
1215 1487 1613 1554 δημοτεύεσθαι,
1651 1490 1700 1539 id
1729 1496 1829 1548 est,
1868 1506 1957 1555 po-

115 1578 232 1643 pulo
260 1576 520 1626 accenseri.
575 1575 908 1640 Legitur·hoc
946 1576 997 1623 in
1024 1575 1215 1625 Lexicis
1244 1575 1444 1640 Seguer.
1484 1594 1530 1640 p.
1565 1574 1679 1634 186,
1719 1591 1754 1623 s.
1783 1593 1828 1623 v.
1870 1570 1957 1630 δη-

114 1656 420 1707 ιιοτεύεσθαι
438 1680 452 1705 .·
491 1655 548 1706 τὸ
589 1654 941 1724 ἐγγράφεσθαι
983 1659 1052 1713 εἰς
1087 1662 1175 1705 ἕνα
1203 1657 1305 1706 τῶν
1333 1655 1501 1722 δήμων
1528 1661 1618 1705 καὶ
1647 1654 1775 1704 εἶναι
1805 1660 1861 1705 ἐν
1887 1654 1958 1720 τῷ

115 1741 424 1807 ληξιαρχικῷ
452 1741 780 1809 γραμματείῳ
809 1738 1176 1804 δημοτεύεσθαι
1204 1744 1448 1791 ἐκαλεῖτο.

258 1840 405 1906 Apud
431 1836 878 1899 Lacedaemonios,
919 1838 958 1886 si
999 1837 1106 1903 quis
1145 1839 1327 1886 civium
1365 1856 1468 1887 non
1502 1846 1754 1904 pateretur
1781 1858 1955 1906 puero-

115 1945 223 1975 rum
249 1926 621 1987 institutionem,
649 1925 688 1973 is
706 1925 816 1990 jure
844 1924 1054 1973 civitatis
1084 1925 1447 1975 excludebatur.
1480 1924 1836 1985 (Plutarch.
1866 1925 1956 1973 In-

115 2011 353 2059 stituta
379 2010 607 2059 Lacon.
642 2009 749 2068 21.)

920 2124 1019 2179 Ad
1055 2127 1151 2180 18.

256 2247 345 2299 Vir
372 2249 676 2299 doctissimus
703 2248 980 2316 Stephanus
1010 2251 1068 2300 A.
1099 2249 1412 2301 Cumanudes
1449 2250 1544 2299 luci
1570 2251 1798 2316 publicae
1824 2248 1956 2299 dedit

114 2334 165 2383 in
193 2330 451 2395 Πανδώρα
493 2333 726 2394 (Athenis
756 2335 907 2395 1866,
948 2335 1088 2384 Tom.
1117 2335 1254 2385 XVI.
1298 2353 1411 2401 pag.
1441 2334 1569 2394 511)
1609 2334 1735 2383 hanc
1774 2350 1955 2383 memo-

116 2425 221 2466 ratu
262 2417 464 2481 dignam
502 2417 873 2483 inscriptionem
900 2418 1175 2479 Graecam,
1218 2435 1342 2483 quae
1384 2416 1443 2466 ad
1483 2419 1851 2484 cooptationem
1890 2418 1952 2466 ci-

116 2502 247 2549 vium
274 2508 430 2550 aetate
459 2500 777 2550 Macedonica
804 2501 1036 2550 refertur:
1059 2497 1176 2547 'Ena
1206 2502 1484 2548 Διονυσίου
1513 2495 1766 2564 ἄρχοντος
1798 2496 1956 2548 Ἐλα-

118 2582 436 2645 σρψόλιῶνος
464 2580 683 2645 δευτὲραι
716 2585 891 2645 1)μετ”
920 2581 1126 2640 εἰκάδας
1145 2621 1155 2640 ,
1196 2586 1442 2642 ἐκκλησία
1470 2588 1529 2646 ἐμ
1558 2587 1818 2649 Πειραιεῖ,
1861 2586 1955 2630 Νι-

118 2668 231 2720 κίας
283 2668 585 2723 ,Πολυξένου
627 2664 818 2730 Μόψος
869 2664 1032 2715 εἶπεν
1084 2665 1249 2725 ἐπειδὴ
1297 2665 1633 2731 Ἀλέξανδρος
1674 2662 1955 2731 εὔχρηστον

121 2746 303 2796 ἑαυτὸν
332 2749 699 2813 παρασκευάζει
731 2753 819 2797 καὶ
847 2758 1015 2799 κοινεῐ
1039 2754 1080 2813 2)
1119 2754 1208 2799 καὶ
1239 2749 1362 2798 ι’δίαι
1394 2754 1434 2813 5)
1473 2759 1578 2807 τοῖς
1604 2749 1954 2814 ἐντυνχάνου-

121 2846 199 2877 σιν
237 2830 338 2878 τῶν
379 2833 626 2890 πολιτῶν,
669 2831 861 2901 ιἰγαθεῖ
885 2833 1025 2896 τύχει
1054 2837 1095 2896 4)
1137 2833 1384 2897 δεδόχθαι
1424 2842 1501 2884 τεῖ
1535 2837 1713 2899 βουλεῖ
1737 2839 1796 2898 5),
1835 2832 1955 2890 τούς

120 2912 372 2973 λαχόντος
400 2916 669 2981 προέδρους
696 2920 764 2972 εἰς
791 2915 883 2976 τὴν
910 2917 1156 2966 ἐπιοῦσαν
1195 2921 1476 2977 ἐκκλησίαν
1507 2921 1817 2982 χρηματίσαι
1846 2921 1953 2981 περὶ

120 2993 346 3053 τούτων,
387 2997 588 3063 γιίιξιιην
618 3000 665 3048 δὲ
695 3000 1077 3066 ξιζιιβάλλεσθαι
1105 3001 1191 3060 τῆς
1218 3001 1409 3066 βουλῆς
1439 3004 1507 3058 εἰς
1533 3000 1626 3050 τὸν
1654 3000 1833 3065 δῆμον,
1874 2998 1951 3049 ὅτι

122 3077 267 3124 δοκεῖ
290 3085 363 3125 uf
386 3083 563 3142 βουλεῖ
585 3085 644 3144 6),
686 3088 939 3133 ἐπαινέσαι
974 3083 1317 3149 Ἀλέξανδρον
1351 3082 1735 3148 Καλλιστράτου
1768 3088 1953 3133 Θεττα-
1986 3132 1990 3136 .

122 3157 215 3209 λὸν
254 3164 345 3208 καί
385 3166 699 3224 στειῙανῶσαι
743 3168 940 3216 θαλλοῦ
983 3167 1229 3230 στεφάνωι
1260 3173 1300 3230 7)
1322 3207 1332 3225 ,
1375 3167 1615 3217 δεδόσθαι
1647 3166 1696 3215 δὲ
1726 3165 1889 3216 αὐτωῖ
1912 3171 1953 3229 ⁶)

242 3315 530 3390 υ1)()“ευτέιρ)υιιι.
567 3343 615 3347 -—
655 3324 703 3370 2)
726 3321 865 3380 κοινῇ.
902 3348 950 3352 -
990 3325 1039 3373 3)
1068 3322 1176 3381 ἰδίᾳ.
1214 3348 1263 3353 --
1302 3327 1353 3375 4)
1387 3321 1550 3383 ιῖγαθῇ
1577 3322 1702 3382 Τύχῃ,
1739 3348 1789 3355 .-
1830 3328 1878 3373 5)
1903 3319 1953 3381 17}

121 3388 273 3443 βθϋλῃι
298 3412 350 3416 —
377 3390 425 3436 (ἶ)
451 3404 500 3442 ryg
523 3386 677 3446 βουλῇ.
703 3417 751 3422 —-
780 3395 828 3440 ’7)
851 3392 1070 3452 στειμέιίμ.
1095 3421 1148 3425 -
1172 3396 1221 3441 8)
1245 3392 1382 3453 αὐτῷ.
