2114 3642
578 214 984 246 COMMENTARIUS
1012 214 1079 244 AD
1111 210 1211 244 1153.
1241 210 1345 246 1156.
1375 209 1477 246 1157.
1843 199 1940 245 571

874 335 972 388 Ad
1003 338 1179 390 1153.

254 444 395 510 Apud
422 445 645 508 Phryges
674 445 865 492 videtur
894 445 972 494 fur
998 463 1194 511 semper
1216 456 1371 496 morte
1399 448 1599 513 punitus
1627 447 1803 508 fuisse,
1831 465 1944 496 nam

106 528 143 576 si
173 528 280 591 quis
308 529 438 592 apud
466 545 545 575 eos
573 528 754 575 bovem
794 535 1034 576 aratorem
1073 529 1369 578 interficeret
1408 537 1491 577 aut
1516 530 1844 593 agriculturae
1872 531 1943 578 in-

106 618 435 658 strumentum
463 611 752 674 surriperet,
780 618 936 658 morte
965 612 1304 660 mulctabatur.
1346 613 1445 673 (Ni
1464 612 1633 661 colai
1660 614 1704 661 D
1722 630 1749 659 a
1766 632 1808 661 m
1825 631 1945 661 asc.

105 694 279 756 fragm.
314 693 456 751 128.)

247 786 479 836 Cumanis
508 805 612 834 mos
641 793 770 846 erat,
812 787 872 835 ad
912 788 1188 852 reparanda
1214 806 1337 853 quae
1365 790 1492 837 furto
1520 790 1663 838 alicui
1692 791 1945 839 subtracta

107 880 296 929 essent,
336 870 525 917 vicinos
554 869 809 933 pecuniam
838 871 1073 919 conferre.
1128 873 1202 919 Ita
1230 872 1440 930 factum,
1483 880 1535 919 ut
1561 890 1809 937 perpauca
1836 891 1944 939 per-

106 955 363 1013 derentur,
408 970 577 1001 omnes
606 953 734 1002 enim
761 954 948 1017 pariter
975 954 1322 1003 observabant.
1371 955 1531 1019 Atque
1560 956 1674 1004 111110
1701 957 1948 1006 Hesiodus

105 1037 223 1085 dicit
249 1035 430 1101 (Oper.
460 1044 505 1084 et
534 1036 665 1084 Dies.
697 1036 852 1095 348);
893 1037 1156 1101 Nunquam
1199 1039 1289 1086 bos
1317 1038 1630 1103 perderetur,
1671 1039 1763 1086 nisi
1791 1039 1947 1087 malus

105 1126 234 1168 esset
271 1119 471 1168 vicinus,
528 1115 642 1165 Οὐκ
682 1114 749 1165 ἂν
793 1117 921 1179 βοῦς
960 1116 1208 1176 ἀπόλοιτ’,
1250 1121 1296 1167 εἰ
1325 1116 1393 1182 μή
1436 1121 1618 1186 γείτων
1657 1117 1820 1175 κακὸς
1859 1120 1947 1178 εἴη.

105 1202 522 1262 (Heraclides
550 1203 729 1251 Pont.
759 1204 833 1251 De
862 1203 960 1252 reb.
989 1204 1122 1268 publ.
1152 1205 1237 1261 XI,
1267 1205 1340 1263 4.)

247 1296 394 1362 Apud
421 1298 614 1363 Lycios
646 1298 683 1344 si
713 1299 820 1361 quis
848 1299 972 1346 liber
1000 1299 1355 1347 condemnatus
1384 1299 1477 1347 fuit
1503 1299 1632 1359 furti,
1661 1317 1821 1364 poena
1847 1317 1946 1348 ser-

106 1380 272 1428 vitutis
301 1381 343 1428 ei
374 1381 533 1428 fuerat
560 1381 788 1441 irrogata.
831 1381 1120 1440 (Nicolai
1149 1382 1433 1430 Damaso.
1465 1381 1641 1444 fragm.
1673 1381 1815 1439 129.)

875 1531 973 1584 Aa
999 1532 1175 1584 1156.

215 1661 219 1664 “
245 1642 386 1690 Plato
413 1641 704 1707 praescribit
729 1642 779 1688 in
808 1641 1026 1704 Legibus
1056 1642 1200 1703 (933,
1228 1643 1437 1702 D—E):
1477 1643 1559 1708 qui
1589 1643 1826 1692 veneficio
1855 1645 1944 1693 uti-

105 1734 181 1774 tur
207 1726 256 1773 in
280 1724 491 1789 aliquem
518 1741 629 1772 cum
657 1724 837 1774 damno
865 1742 964 1773 non
991 1725 1124 1774 letali
1153 1742 1310 1791 neque
1338 1726 1492 1791 ipsius
1514 1743 1675 1791 neque
1691 1726 1946 1776 hominum

105 1811 223 1874 ejus,
252 1809 338 1858 sed
354 1826 465 1857 cum
481 1825 714 1872 pecorum
736 1808 812 1857 vel
842 1810 1121 1858 examinum
1147 1809 1340 1865 damno,
1370 1811 1407 1857 si
1431 1810 1648 1859 medicus
1675 1818 1761 1870 est,
1790 1819 1947 1859 morte

105 1893 359 1958 plectitor,
389 1893 463 1940 sin
491 1909 668 1956 expers
696 1893 837 1951 artis,
880 1892 995 1957 quid
1023 1909 1134 1940 eum
1161 1893 1263 1957 pati
1291 1893 1369 1941 vel
1397 1892 1679 1958 dependere
1707 1902 1949 1958 oporteat,

96 1975 338 2041 judicium
364 1974 407 2021 ei
434 1974 705 2022 aestimato.
758 1973 808 2023 Si
849 1992 967 2023 vero
1009 1974 1410 2024 devinctionibus
1452 1972 1841 2038 (καταδέσεσιν)
1867 1979 1949 2028 vel

104 2057 471 2106 inductionibus
499 2058 837 2122 [ἐπαγωγαῖς]
876 2058 954 2104 1701
995 2057 1304 2105 cautionibus
1344 2054 1616 2120 [ἐπῳδαῖς]
1654 2059 1949 2124 quibusdam

106 2142 185 2189 vel
211 2141 486 2206 hujusmodi
514 2141 756 2189 veneficio
784 2141 950 2204 aliquo
977 2140 1174 2188 nocenti
1202 2140 1372 2188 similis
1402 2159 1507 2189 esse
1535 2142 1665 2190 visus
1692 2142 1867 2202 fuerit,
1910 2144 1949 2190 si

105 2232 240 2273 vates
267 2223 345 2272 vel
372 2231 717 2289 portentorum
745 2229 1022 2288 spectator,
1063 2223 1288 2282 moritor,
1331 2224 1405 2272 sin
1444 2240 1619 2289 expers
1646 2225 1948 2273 vaticinandi

105 2307 460 2356 condemnatus
511 2306 656 2354 fuerit
708 2305 957 2365 veneficii,
992 2305 1231 2370 judicium
1282 2306 1565 2367 aestimato,
1606 2307 1721 2372 quid
1771 2308 1950 2358 debeat

106 2391 207 2455 pati
234 2389 312 2438 vel
341 2389 635 2455 dependere.

876 2467 974 2520 Ad
1005 2469 1180 2521 1157.

248 2577 496 2626 Aristotel.
523 2576 724 2625 Rhetor.
752 2578 815 2631 ΙΙ,
846 2577 890 2630 2,
923 2581 978 2624 5:
1019 2578 1103 2626 Est
1130 2579 1423 2627 contumelia
1452 2573 1651 2640 (ὕβρις)
1680 2581 1747 2628 ita
1773 2599 1947 2630 nocere

107 2671 154 2711 et
181 2661 376 2709 laedere
415 2656 685 2719 (βλάπτειν
723 2661 813 2705 καὶ
854 2661 1085 2720 iton-2211),
1130 2670 1182 2709 ut
1221 2663 1343 2710 alter
1377 2663 1648 2725 ignominia
1676 2664 1947 2719 afficiatur,

109 2763 207 2794 non
235 2752 286 2792 ut
313 2743 393 2808 qui
424 2743 542 2791 facit
570 2745 882 2793 commodum
911 2746 1062 2793 ullum
1091 2761 1151 2794 ex
1181 2763 1236 2794 eo
1266 2754 1620 2810 consequatur,
1650 2746 1734 2794 sed
1764 2754 1816 2795 ut
1842 2748 1947 2796 libi-

107 2829 208 2877 dini
235 2844 348 2876 suae
378 2825 689 2889 obsequatur.

249 2922 682 2970 Mosaicarum
734 2931 792 2971 et
843 2924 1274 2972 Romanarum
1340 2925 1580 2987 Legum
1641 2924 1941 2975 Collatio.

107 3008 204 3055 Tit.
232 3008 295 3066 ΙΙ,
323 3024 428 3070 cap.
460 3007 531 3051 5.:
573 3004 887 3054 Generaliter
927 3006 1102 3055 dicitur
1141 3007 1317 3071 injuria
1352 3025 1519 3058 omne.
1563 3007 1692 3071 quod
1720 3011 1949 3074 non'jure

110 3093 189 3152 fit3
226 3089 503 3155 specialiter
542 3088 662 3135 alias
702 3089 1025 3144 contumelia,
1069 3106 1214 3152 quam
1258 3089 1435 3138 Graeci
1478 3085 1630 3154 ὕβριν
1669 3093 1947 3157 appellant.

109 3174 228 3221 alias
256 3174 425 3238 culpa,
467 3189 614 3235 quam
658 3171 833 3221 Graeci
875 3169 1103 3232 ἀδίκημα
1145 3173 1337 3231 dicunt,
1379 3174 1501 3221 sicut
1539 3174 1587 3222 in
1615 3175 1726 3239 lege
1757 3175 1949 3239 Aquilia

110 3257 342 3304 damnum
381 3257 589 3321 injuriae
630 3256 894 3319 accipitur.
946 3258 1065 3305 alias
1119 3257 1351 3320 iniquitas
1405 3267 1450 3306 et
1501 3258 1765 3324 injustitia.
1807 3274 1949 3321 quam

112 3338 288 3387 Graeci
317 3334 529 3383 ἀδικίαι]
557 3346 748 3386 vocant.
