2114 3642
125 247 226 300 548
525 262 938 300 COMMENTARIUS
963 260 1033 293 AD
1064 258 1167 293 1026.
1199 258 1304 294 1029.
1334 257 1437 293 1030.
1469 258 1570 293 1031.

117 393 253 456 (11616,
281 395 612 452 collocarunt,
641 390 770 440 unde
798 389 961 437 nullus
988 394 1154 451 posset
1180 387 1374 437 abduci.
1415 387 1688 436 Pausanias
1722 389 1786 448 (I,
1807 387 1885 448 17,
1905 389 1962 445 1)

117 479 358 543 templum
397 477 490 526 1100
542 482 686 523 vocat
737 490 910 522 aram
967 471 1472 520 Misericordiae
1523 472 1703 532 (ἐλέου
1729 466 1963 532 βωμός),

118 578 241 625 quae
269 562 320 609 in
347 561 450 609 foro
479 566 581 607 erat
605 557 780 622 posita.

257 643 464 709 Asylum
499 649 664 689 tamen
703 658 804 690 non
844 640 937 688 fuit
974 638 1025 687 in
1059 639 1286 687 omnibus
1313 639 1537 705 templis,
1579 637 1666 687 sed
1695 637 1889 686 nonnisi
1915 638 1965 685 in

116 727 199 788 iis,
231 727 408 792 quibus
434 724 484 773 id
511 723 896 773 consecrationis
924 723 1035 787 lege
1065 739 1351 772 concessum
1381 730 1521 772 esset.
1563 721 1862 782 (Servius
1903 720 1965 768 ad

117 809 319 858 Aeneid.
347 809 410 865 H,
440 807 587 867 761).
641 807 693 857 Si
735 807 866 856 enim
908 806 1073 855 omnia
1112 805 1317 855 deorum
1356 814 1503 871 atque
1546 806 1751 855 heroum
1779 804 1966 869 templa

113 893 238 957 asyli
256 893 338 957 jus
366 891 671 952 habuissent,
701 891 914 939 inaniter
941 889 1146 937 dixisset
1171 889 1420 938 Diodorus
1451 889 1642 938 Siculus
1671 888 1785 949 (IV,
1805 888 1886 948 62,
1906 889 1963 945 4)

117 975 444 1025 Athenienses
472 975 667 1040 asylum
695 973 867 1022 fecisse
895 972 1076 1021 Thesei
1103 971 1355 1037 templum.

255 1057 327 1106 Cf.
356 1058 418 1107 W
435 1058 638 1106 allon:
678 1059 758 1105 Du
787 1056 916 1105 droit
943 1055 985 1103 (Γ
1013 1056 1147 1104 613116.
1189 1055 1354 1115 (Paris
1386 1055 1565 1115 1837.)
1601 1083 1666 1088 -
1708 1055 1847 1103 Mau
1864 1072 1959 1119 ry:

112 1141 328 1190 Histoire
369 1140 455 1190 des
488 1140 720 1204 religions
750 1140 810 1188 de
838 1140 886 1188 la
915 1138 1076 1188 Grece
1117 1139 1334 1203 antique.
1374 1139 1514 1187 Tom.
1545 1140 1607 1200 ΙΙ,
1648 1158 1693 1205 p.
1724 1139 1804 1187 68.
1845 1128 1962 1199 (Pa-

110 1225 172 1272 ris
202 1225 378 1285 1857.)

882 1292 981 1345 Ad
1005 1293 1196 1346 1026.

253 1393 506 1443 Aristotel.
534 1389 733 1440 Rhetor.
764 1392 802 1452 Ι,
830 1391 909 1451 10,
941 1392 998 1439 3;
1029 1386 1231 1436 ἀδικεῖν
1257 1385 1316 1436 τὸ
1343 1386 1588 1453 βλάπτειν
1616 1386 1802 1436 ἑκόντα
1831 1386 1961 1452 παρὰ

109 1473 202 1523 τὸν
230 1474 406 1539 νόμον.
451 1476 716 1541 (Injuriam
756 1475 917 1524 facere
960 1483 1033 1524 est
1072 1482 1249 1540 sponte
1291 1475 1485 1524 laedere
1520 1474 1758 1523 adversus
1785 1476 1962 1539 legem.

253 1561 350 1621 Qui
377 1555 549 1605 ἀδικεῖ
574 1560 816 1608 adversus
839 1576 951 1607 eum
978 1559 1103 1606 actio
1140 1553 1350 1604 ἀδικίου
1386 1559 1553 1619 datur,
1596 1566 1648 1606 ut
1676 1559 1844 1607 dicunt
1871 1559 1961 1607 Le-

109 1645 218 1694 xica
245 1643 549 1707 Segueriana
576 1645 716 1709 (pag.
748 1643 890 1703 199),
931 1643 1213 1708 mulctaque
1242 1642 1526 1708 pecuniaria
1554 1643 1772 1703 (τίμημα
1801 1637 1961 1708 ἀργυ-

109 1729 249 1790 ρίου)
279 1728 604 1788 constituitur,
633 1743 758 1792 quae
787 1727 826 1774 si
847 1734 960 1792 post
986 1727 1138 1776 latam
1165 1728 1465 1776 sententiam
1493 1734 1607 1776 ante
1635 1744 1819 1775 nonam
1847 1744 1960 1791 pry=

108 1813 290 1861 taniam
319 1812 512 1861 reddita
538 1829 639 1860 non
666 1811 864 1870 fuisset,
907 1810 1270 1876 duplicabatur.

250 1898 364 1946 Non
392 1897 550 1946 omnis
579 1891 758 1942 ἀδικία
786 1895 936 1959 igitur
962 1895 1200 1946 adversus
1228 1897 1469 1962 populum
1497 1896 1771 1955 commissa,
1802 1902 1958 1943 morte

108 1980 463 2039 mulctabatur,
511 1979 595 2028 sed
645 1979 846 2027 minoris
901 1980 1137 2028 momenti
1190 1980 1471 2044 iniquitates
1523 1980 1734 2044 pecunia
1787 1979 1957 2044 punie-

112 2063 305 2113 bantur.
879 2130 978 2184 Ad

1003 2133 1192 2185 1029.

250 2230 599 2280 Themistoclis
638 2248 750 2280 ossa
788 2232 1059 2297 propingui
1099 2232 1252 2297 ipsius
1293 2231 1495 2280 domum
1545 2238 1860 2297 reportarunt
1911 2239 1959 2282 et

107 2315 236 2364 clam
264 2314 651 2364 Atheniensibus
678 2315 728 2362 in
757 2332 876 2378 agro
906 2313 1067 2364 Attico
1106 2315 1398 2377 humarunt,
1438 2333 1469 2362 n
1487 2333 1560 2364 on
1602 2316 1768 2363 enim
1810 2315 1952 2363 lice—

106 2398 215 2448 bat
252 2399 573 2465 sepelire,
612 2406 677 2447 ut
716 2399 822 2463 qui
863 2406 1037 2447 esset
1075 2400 1489 2465 proditionis
1528 2415 1688 2447 16113.

250 2481 554 2547 (Thucydid.
582 2482 619 2543 Ι,
652 2481 794 2542 138.)

873 2575 971 2628 Ad
999 2577 1190 2629 1030.

250 2673 411 2722 Etiam
451 2674 832 2724 Lacedaemonii
872 2675 1034 2738 legem
1073 2675 1290 2723 tulerunt
1324 2675 1383 2723 de
1413 2674 1642 2723 omnibus
1670 2675 1952 2723 nolentibus

107 2773 196 2820 pro
224 2758 379 2821 patria
406 2757 566 2805 subire
606 2759 901 2824 periculum,
943 2759 1109 2824 palam
1151 2758 1531 2807 demandantem
1574 2766 1623 2806 ut
1663 2757 1951 2806 moriantur.

251 2840 449 2904 (Lycu
467 2859 489 2889 r
503 2859 550 2904 g.
580 2859 619 2891 c.
648 2841 871 2891 Leocrat.
901 2839 944 2906 ξ.
976 2842 1119 2901 129.)

878 2983 977 3036 Ad
1006 2984 1182 3036 1031.

250 3076 405 3127 Plato.
446 3076 563 3143 Leg.
605 3082 719 3141 955,
761 3083 942 3132 B—C:
985 3082 1035 3130 Si
1076 3083 1183 3145 quis
1225 3081 1455 3146 privatim
1495 3096 1667 3145 pacem
1696 3079 1812 3127 facit
1840 3096 1950 3127 cum

108 3162 352 3228 aliquibus
380 3162 459 3209 vel
485 3163 670 3212 bellum
697 3165 800 3213 sine
829 3166 1113 3231 republica,
1157 3173 1313 3212 morte
1348 3165 1558 3228 punitor.
1613 3162 1662 3211 Si
1691 3180 1807 3211 vcro
1836 3180 1950 3228 pars
1993 3153 1998 3157 ’

107 3247 272 3311 aliqua
298 3243 509 3293 civitatis
536 3262 709 3308 pacem
735 3249 813 3296 vel
842 3249 1027 3297 bellum
1057 3266 1165 3296 cum
1208 3247 1454 3311 aliquibus
1483 3246 1596 3295 facit
1622 3264 1710 3310 pro
1740 3263 1821 3304 se,
1865 3263 1947 3293 au-

107 3329 324 3378 ctoribus
364 3326 467 3392 ejus
508 3327 573 3373 rei
613 3329 930 3394 imperatores
972 3332 1101 3380 diem
1142 3330 1369 3392 dicuut03
1409 3329 1730 3377 condemnat«)
1785 3336 1946 3376 autem

108 3429 240 3461 mors
269 3428 430 3476 poena
457 3416 575 3458 estc.
