2114 3642
548 226 955 260 COMMENTAmos
986 224 1051 255 ,11)
1082 223 1184 258 1510.
1216 223 1317 257 1513.
1348 223 1452 258 1517.
1814 208 1914 256 633

227 354 303 403 Cf.
332 352 386 402 C.
416 354 492 402 Fr.
522 353 873 405 Hermanni
913 353 1290 418 disputationem
1317 351 1377 400 de
1406 349 1623 401 terminis
1651 367 1914 419 eorumque

85 437 320 504 religione
348 437 479 501 apud
506 436 738 486 Graecos.
780 434 1077 499 (Gottingae
1109 435 1286 495 1846.)

225 531 412 580 Morem
451 530 904 580 constituendorum
942 527 1221 595 hujusmodi
1260 530 1574 579 terminorum
1612 529 1921 579 retinuerunt

85 614 357 676 Maniotae,
386 613 718 679 Peloponnesi
744 613 961 674 incolae,
991 629 1145 678 usque
1170 612 1232 662 ad
1260 620 1478 662 nostram
1504 619 1730 662 aetatem.

227 707 304 759 Of.
333 708 380 758 G
400 709 527 758 eib:
554 710 879 774 Darstellung
907 710 992 759 des
1006 708 1449 758 Rechtszustandes
1476 709 1525 756 in
1541 707 1920 758 Griechenland.

225 804 329 854 Mos
369 811 532 854 autem
572 812 620 854 et
658 805 962 859 consvetudo
1001 822 1173 871 parem
1210 822 1320 854 cum
1360 803 1468 869 lege
1508 803 1695 853 habent
1732 804 1832 852 vim
1871 804 1921 853 in

87 889 312 940 Graecia.
365 887 438 939 Cf.
480 890 690 935 Γενικαὶ
729 885 883 953 ἀρχαί
921 887 1014 935 τοῦ
1056 891 1111 936 ἐν
1141 882 1351 934 εΕλλάδι
1389 883 1658 947 ἰσχύοντος
1687 882 1921 934 ἀστυκοῦ

86 970 322 1029 δικαίου,
363 964 467 1020 ὑπὸ
496 974 565 1019 Π.
597 974 698 1020 Πα
715 991 747 1019 π
763 990 792 1019 α
811 990 836 1036 ρ
852 989 878 1036 ρ
896 988 1008 1039 ηγο
1025 989 1100 1018 πο
1117 967 1147 1019 ύ
1164 972 1190 1019 λ
1209 989 1234 1017 ο
1252 988 1294 1018 υ.
1338 968 1922 1035 (Athenis1865.Tom.

86 1058 123 1107 I.
161 1074 274 1124 pag.
303 1056 416 1121 66.)

852 1126 951 1180 Ad.
981 1127 1156 1180 1510.

228 1239 436 1306 Spartae
477 1242 813 1291 foeneratores
852 1239 1142 1290 dividebant
1192 1239 1438 1305 scytalen,
1491 1238 1681 1287 duobus
1722 1238 1925 1287 testibus

89 1324 465 1392 praesentibUS,
505 1331 553 1373 et
591 1325 641 1372 in
669 1331 873 1390 utraque
903 1324 1006 1389 ejus
1033 1331 1173 1388 parte
1202 1328 1506 1372 contractum
1533 1321 1840 1381 scribebant3
1880 1327 1927 1367 et

85 1407 289 1458 alteram
317 1408 515 1474 quidem
542 1409 624 1456 uni
654 1425 679 1456 e
707 1406 915 1456 testibus
942 1406 1152 1466 dabant,
1192 1405 1396 1456 alteram
1436 1423 1554 1455 vero
1589 1405 1678 1454 sibi
1708 1421 1924 1455 reserva-

83 1491 220 1542 bant.
260 1476 509 1554 (P'hotii
547 1490 759 1540 Lexic.
788 1509 823 1540 s.
852 1508 896 1539 v.
926 1484 1192 1551 σκυτάλη.)

860 1645 959 1699 Ad
984 1645 1159 1700 1513.

231 1756 307 1807 Cf.
337 1757 538 1807 Gneis
557 1765 598 1806 t:
626 1759 719 1807 Die
747 1758 1006 1808 formellen
1027 1758 1268 1822 Vertr'age
1298 1757 1382 1808 des
1410 1775 1626 1808 neuercn
1653 1755 1926 1807 romischen

87 1841 607 1905 Obligationenrechts
658 1843 705 1889 in
744 1842 1013 1906 Vergleich
1064 1842 1150 1890 mit
1201 1842 1296 1891 den
1336 1842 1797 1892 Geschaftsformen
1843 1840 1927 1889 des

87 1924 429 1989 griechischen
456 1924 654 1973 Rechts.
697 1925 942 1985 (Berolini
974 1925 1152 1986 1845.)

230 2009 525 2076 Exemplum
541 2009 856 2075 syngraphae
872 2009 984 2058 vide
1002 2009 1134 2075 apud
1149 2008 1401 2060 Demosth‚
1418 2010 1467 2059 in
1484 2009 1622 2061 Lacr.
1635 2006 1927 2058 926-›92Y

860 2161 959 2214 Ad
984 2163 1160 2216 1517.

231 2271 391 2321 Schol.
419 2272 469 2320 in
496 2270 810 2337 Aristophan.
838 2272 1021 2322 Nubes.
1051 2274 1179 2322 758:
1214 2269 1306 2320 Ἐν
1340 2279 1442 2329 τοῖς
1470 2271 1730 2328 δικασταῖς
1759 2274 1805 2320 οἱ
1837 2272 1929 2319 δα-

90 2357 278 2402 νεισταὶ
306 2351 573 2417 ἐρχόμενοι
602 2355 809 2421 ἔλεγον,
851 2348 916 2410 ὦς
943 2349 970 2402 ὁ
1003 2353 1140 2402 δεῖνα
1168 2351 1342 2411 αὐτοῖς
1371 2353 1578 2417 ὀφείλει.
1626 2354 1750 2404 Εἶτα
1778 2351 1804 2404 ὁ
1834 2354 1932 2403 τοῦ

89 2436 419 2501 δικαστηρίου
446 2436 770 2504 γραμματεύς
798 2439 986 2506 ἔγραφε
1012 2437 1184 2491 τοῦτο.
1239 2443 1338 2487 Καὶ
1374 2437 1501 2502 μετὰ
1535 2438 1697 2488 ταῦτα
1724 2434 1751 2488 ὁ
1781 2437 1930 2500 ὀφεί-

90 2524 192 2569 λων
219 2518 531 2583 λαλούμενος
559 2518 794 2579 ἀπῃτεῖτο
821 2519 880 2569 τὸ
909 2519 1130 2571 δάνειον.
1183 2523 1491 2584 (Creditores
1530 2525 1738 2587 ingressi
1772 2525 1833 2573 ad
1855 2527 1928 2585 ju-

32 2603 34 2605 ’
91 2606 223 2654 dices
251 2606 505 2665 dicebant,
546 2606 677 2655 hunc
703 2607 781 2655 vel
808 2608 946 2655 illum
973 2608 1092 2672 ipsis
1119 2607 1313 2657 debere.
1364 2608 1555 2657 Deinde
1575 2608 1742 2672 judicii
1771 2608 1932 2657 scriba

89 2690 183 2739 hoc
222 2688 543 2738 adscribebat.
597 2690 777 2739 Postea
803 2708 921 2739 vero
948 2691 1140 2741 debitor
1167 2692 1341 2741 citatus
1369 2690 1518 2741 debiti
1547 2693 1930 2757 postulabatur.)

232 2783 447 2844 Quidam
475 2785 774 2834 Boeotorum
803 2802 885 2834 eos
903 2824 914 2846 ,
955 2787 1036 2851 qui
1076 2805 1175 2835 non
1215 2794 1356 2836 erant
1381 2788 1650 2848 solvendo,
1691 2788 1741 2836 in
1768 2786 1931 2837 forum

91 2868 405 2918 adduxerunt
432 2875 479 2917 et
507 2869 760 2918 considere
794 2871 943 2935 jussis
977 2871 1243 2937 cophinum
1277 2871 1726 2937 superinjecerunt,
1765 2887 1822 2919 ac
1850 2872 1931 2936 qui

89 2952 180 3002 hac
208 2951 405 3017 cophini
432 2967 595 3016 poena
621 2953 824 3002 affectus
852 2953 1049 3013 fuisset,
1087 2954 1200 3003 inde
1234 2954 1432 3004 infamis
1459 2955 1618 3003 factus
1647 2961 1732 3004 est.
1772 2955 1931 3015 Quam

89 3050 303 3101 poenam
341 3036 609 3099 irrogatam
648 3036 795 3085 etiam
822 3036 1072 3102 Euripidis
1111 3037 1265 3102 patri,
1310 3038 1391 3101 qui
1420 3054 1444 3085 e
1473 3037 1668 3087 Boeotis
1699 3038 1931 3088 oriundus

91 3126 219 3177 erat,
259 3126 374 3168 sunt
402 3119 481 3184 qui
510 3119 802 3168 existiment.
842 3120 1133 3181 (Nicolai
1160 3120 1446 3169 Damasc.
1476 3122 1648 3185 fragm.
1679 3122 1823 3182 113.)

235 3212 381 3279 Apud
412 3215 652 3274 LucanOS,
681 3215 719 3262 si
748 3215 854 3278 quis
886 3216 1140 3264 convictus
1169 3222 1297 3265 esset
1323 3216 1572 3266 luxurioso
1601 3225 1822 3266 mutuum
1849 3216 1930 3265 de-

92 3297 236 3358 disse,
265 3305 435 3348 mutuo
462 3299 554 3348 isto
583 3297 924 3348 mulctabatur.
964 3299 1251 3360 (Nicolai
1280 3300 1323 3348 D
1342 3317 1564 3351 amase.
1593 3301 1766 3366 fragm.
1787 3300 1929 3359 108.)
