2114 3642
687 210 1096 244 COMMENTARIUS
1126 186 1191 241 AD
1227 207 1330 242 1124.
1360 206 1462 241 1125.
1899 193 1994 240 561

927 335 1025 387 Ad
1054 336 1229 387 1124.

296 430 552 478 Demosth.
582 449 619 478 c.
653 431 940 479 Aristocrat.
972 432 1098 479 634:
1127 430 1228 478 ’τῶν
1254 433 1312 476 ἐκ
1340 431 1581 492 προνοίας
1609 425 1997 489 [ἀποκτιννύν-

155 513 282 571 των)
312 508 605 573 δεδήμευται
633 510 694 558 τά
725 506 866 561 ὄντα.
909 515 1031 575 (Qui
1058 515 1280 564 consulto
1311 515 1513 563 caedem
1539 514 1775 575 fecerunt,
1802 513 1999 564 illorum

157 611 279 660 opes
306 596 665 660 publicantur.)

299 677 474 728 Suidas
501 698 534 727 s.
560 697 604 727 v.
632 676 869 739 κύφωνες
886 700 899 726 .·
926 682 1061 746 ligna
1089 697 1211 745 quae
1241 680 1513 728 cervicibus
1542 680 1886 728 damnatorum
1911 679 1996 726 im-

155 769 431 827 ponuntur,
470 779 531 809 ne
572 770 720 828 caput
758 764 945 828 erigere
985 764 1188 829 possint.
1242 760 1441 822 Κύφων
1480 781 1596 811 vero
1639 770 1710 811 est
1748 762 1999 810 vinculum

153 845 386 907 ligneum,
415 845 545 910 quod
573 845 653 893 alii
680 847 879 910 quidem
905 842 1106 906 κλοιὸν,
1135 847 1216 894 alii
1244 864 1362 894 vero
1391 842 1576 891 χαλκὸν
1605 852 1798 894 vocant.
1826 845 1999 894 Dictus

155 935 316 975 autem
343 935 415 976 est
446 929 506 976 ab
536 945 592 977 eo
622 929 753 992 quod
781 937 853 977 est
879 928 1098 988 κύφειν,
1141 929 1270 993 quod
1299 930 1486 976 vinctos
1515 946 1751 977 cernuare
1781 929 1925 991 cogit.

930 1070 1030 1123 Ad
1054 1070 1230 1122 1125.

299 1179 440 1227 Plato
469 1180 586 1244 Leg.
616 1182 732 1240 869,
762 1181 827 1229 C:
868 1181 1064 1226 κείσθω
1094 1176 1151 1236 δὴ
1181 1177 1251 1241 τῴ
1281 1181 1463 1239 πατέρα
1494 1173 1520 1234 ἢ
1541 1179 1726 1239 μητέρα
1754 1173 2000 1224 ἀποκτεί-

156 1277 298 1307 ναντι
333 1262 487 1324 θυμῷ
517 1260 741 1317 θάνατος
772 1257 794 1320 ἦ
829 1265 991 1324 ζημία.
1034 1265 1096 1311 Et
1123 1263 1256 1312 addit
1285 1262 1430 1321 (873,
1463 1262 1670 1321 A—B):
1701 1263 1781 1326 qui
1808 1271 2000 1328 patrem

157 1345 234 1392 vel
263 1353 468 1393 matrem
496 1348 573 1395 vel
601 1347 774 1396 fratres
803 1348 881 1395 vel
907 1347 1087 1394 liberos
1116 1346 1339 1392 consulto
1367 1346 1602 1393 occidisse
1636 1346 1885 1411 judicatus
1913 1353 1998 1403 est,

150 1428 372 1492 judicum
400 1431 608 1479 ministri
637 1439 684 1478 et
712 1432 1026 1494 magistratus
1055 1430 1375 1478 interfectum
1402 1430 1448 1475 in
1478 1437 1666 1477 eertum
1693 1430 1891 1478 trivium
1918 1446 1998 1478 ex-

156 1520 229 1559 tra
256 1513 428 1561 urbem
457 1514 686 1578 ejiciunto
715 1514 927 1575 nudum,
969 1514 1281 1576 magistratus
1322 1521 1485 1561 autem
1525 1531 1694 1561 omnes
1738 1514 1887 1561 totius
1917 1530 1998 1560 no-

156 1596 286 1643 mine
324 1597 561 1657 civitatis,
616 1597 828 1662 lapidem
870 1597 1073 1661 quisque
1116 1596 1280 1643 ferens
1320 1596 1368 1643 in
1408 1605 1557 1661 caput
1598 1597 1774 1645 mortui
1816 1597 2001 1661 injicito

155 1685 301 1743 atque
328 1679 396 1727 ita
422 1686 576 1728 totam
615 1680 864 1729 civitatem
906 1680 1132 1744 expiato,
1174 1678 1349 1727 deinde
1385 1679 1445 1726 ad
1476 1682 1597 1727 fines
1626 1680 1843 1743 regionis
1871 1677 2000 1727 dela-

155 1769 256 1809 tum
286 1762 518 1826 ejiciunto
546 1763 861 1827 insepultum.

299 1844 470 1893 Cicero
510 1863 599 1910 pro
636 1845 746 1894 Sex.
782 1845 960 1893 Roscio
995 1844 1221 1893 Amerino
1250 1844 1411 1904 XXV,
1442 1846 1533 1892 70:
1578 1847 2001 1907 „Prudentissinia

158 1928 330 1976 civitas
373 1928 771 1988 Atheniensium,
813 1929 927 1976 dum
971 1945 1025 1975 ea
1065 1944 1228 1975 rerum
1268 1928 1421 1992 polita
1462 1937 1560 1989 est,
1602 1930 1751 1978 fuisse
1778 1930 1999 1979 traditur.

158 2012 274 2076 Ejus
312 2029 457 2077 porro
499 2012 708 2060 civitatis
748 2012 1165 2077 sapientissimum
1205 2011 1372 2059 dicunt
1408 2010 1642 2061 Solonem
1671 2013 1851 2072 fuisse,
1891 2031 2001 2062 eum

159 2095 241 2158 qui
266 2095 428 2158 leges,
471 2096 647 2160 quibus
675 2095 819 2144 hodie
855 2096 1049 2159 quoque
1090 2102 1317 2142 utuntur.
1361 2095 1623 2160 scripserit.
1677 2098 1724 2145 Is
1751 2114 1902 2162 quum
1928 2098 2000 2144 in-

156 2186 516 2243 terrogaretur,
546 2196 632 2227 cur
660 2180 847 2227 nullum
875 2177 1168 2243 supplicium
1198 2178 1530 2227 constituisset
1558 2179 1607 2227 in
1636 2197 1774 2241 eum,
1806 2181 1887 2244 qui
1914 2197 1997 2245 pa-

157 2270 346 2311 rentem
374 2271 622 2323 necasset,
664 2262 914 2328 respondit
947 2279 997 2310 se
1025 2261 1073 2309 id
1101 2262 1350 2309 neminem
1380 2262 1623 2311 facturum
1651 2272 1861 2328 putasse.
1915 2262 2000 2311 Sa-

156 2344 348 2409 pienter
388 2346 561 2394 fecisse
601 2345 803 2407 dicitur,
846 2362 997 2409 quum
1037 2343 1096 2392 de
1138 2361 1194 2392 eo
1237 2344 1358 2392 nihil
1398 2346 1642 2406 sanxerit,
1685 2346 1816 2411 quod
1856 2354 2002 2394 antea

158 2430 473 2477 commissum
500 2446 599 2477 non
625 2437 754 2489 erat,
797 2446 856 2476 ne
898 2445 996 2476 non
1035 2435 1137 2474 tam
1168 2427 1432 2492 prohibere
1461 2446 1608 2492 quam
1636 2429 1902 2478 admonere
1930 2428 1999 2475 vi-

158 2509 365 2559 deretur.
419 2512 615 2571 Quanto
655 2512 808 2559 nostri
850 2511 1058 2575 majores
1099 2510 1415 2574 sz-tpientius‘.>
1454 2512 1535 2576 qui
1576 2505 1726 2575 quum
1758 2512 1999 2575 intellige-

157 2601 266 2642 rent
291 2594 412 2641 nihil
439 2611 545 2643 esse
573 2604 672 2643 tani
699 2602 941 2652 sanctum,
973 2594 1101 2658 quod
1130 2611 1230 2641 non
1258 2593 1522 2657 aliquando
1551 2594 1758 2643 violaret
1785 2594 2000 2653 audacia,

156 2676 451 2743 supplicium
478 2677 527 2725 in
556 2678 821 2743 parricidas
849 2678 1096 2741 singulare
1125 2677 1545 2742 excogitaverunt,
1578 2685 1642 2737 ut,
1674 2695 1795 2742 quos
1822 2685 1995 2726 natura

156 2761 264 2824 ipsa
290 2760 497 2809 retinere
524 2761 575 2808 in
604 2761 765 2811 officio
805 2779 906 2810 non
945 2761 1211 2826 potuisset,
1252 2760 1593 2824 magnitudine
1626 2778 1818 2826 poenae
1845 2779 1874 2809 a
1901 2778 2000 2808 ma-

155 2843 309 2892 leficis
336 2853 773 2894 summoverentur.
827 2845 961 2894 Insui
990 2844 1254 2893 voluerunt
1280 2843 1330 2891 in
1359 2843 1566 2892 culleum
1594 2845 1733 2905 vivos
1760 2851 1907 2909 atque
1934 2845 2002 2892 ita

157 2927 207 2973 in
234 2927 417 2975 flumen
446 2927 637 2992 dejici.“

300 3009 481 3060 Auctor
507 3009 569 3059 ad
595 3009 901 3059 Herennium
930 3010 994 3070 (Ι,
1026 3009 1104 3069 13,
1136 3009 1229 3068 23)
1269 3010 1386 3058 citat
1420 3010 1547 3058 hanc
1573 3011 1909 3060 Romanorum
1935 3011 2000 3059 le-

159 3108 298 3158 gem:
340 3094 421 3157 qui
450 3100 705 3158 parentem
732 3110 934 3142 necasse
967 3092 1218 3157 Judicatus
1248 3093 1364 3149 erit,
1407 3101 1457 3140 ut
1483 3093 1522 3140 is
1551 3093 1813 3143 obvolutus
1841 3100 1888 3142 et
1916 3093 1999 3140 ob-

159 3176 338 3240 ligatus
365 3177 499 3226 corio
527 3175 799 3225 devehatur
825 3176 875 3223 in
901 3176 1240 3240 profluentem.

302 3260 529 3309 Dosithei
568 3259 786 3323 Magistr.
828 3258 1031 3307 Adriani
1072 3258 1294 3306 Sentent.
1346 3256 1390 3324 §.
1432 3259 1524 3307 16:
1574 3256 1806 3326 Ἐγένετο
1850 3254 2001 3319 νόμος

166 3338 554 3404 τοιουτότροπος
593 3339 746 3387 πᾶσιν
787 3337 1107 3403 ἀνθρώποις,
1148 3336 1282 3395 ὅπως
1325 3336 1460 3395 ὅστις
1500 3344 1879 3404 πατροκτονίαν
1915 3361 2000 3388 πε-

1666 3425 1720 3464 36
