2114 3642
164 199 264 246 442
670 210 1074 246 eoxmveurrxnlrs
1104 208 1171 239 An
1200 207 1279 243 172.
1310 208 1390 242 173.
1422 208 1502 244 175.

164 344 281 391 lium
307 343 644 401 abstinuisset,
685 339 1023 401 magistratum
1048 355 1225 403 capere
1252 346 1431 404 posset.
1473 337 1545 398 (A
1560 337 1648 386 ris
1665 343 1799 385 tote
1816 337 1844 384 l.
1887 335 1992 382 Po-

164 427 255 476 lit.
284 428 371 488 III,
402 428 447 488 3,
476 427 546 484 4.)

946 489 1046 543 Ad
1082 492 1218 544 172.

306 603 514 653 Pericles
541 602 673 667 apud
700 601 1042 668 Thucydidem
1069 603 1158 664 (II,
1184 603 1276 662 37)
1305 603 1445 651 dicit:
1475 603 1657 650 utimur
1683 617 1741 649 ea
1767 597 1997 664 reipubli-

165 706 249 737 cae
276 689 434 737 forma
462 684 758 746 (zoam-iq),
801 702 924 749 quae
967 686 1171 734 aliarum
1213 687 1467 734 civitatum
1501 687 1636 749 leges
1662 703 1761 733 non
1788 682 1998 731 aemule-

165 779 267 829 tur,
307 771 399 817 imo
440 785 556 816 vero
597 768 689 833 ipsi
718 768 861 816 alicui
889 769 1053 834 potius
1081 770 1309 834 exemplo
1337 787 1529 830 sumus,
1571 785 1718 833 quam
1746 767 1867 816 alios
1895 765 1997 813 imi-

165 860 335 900 tamur.
388 852 450 899 Et
489 851 687 900 nomine
729 851 925 916 quidem
959 853 1197 917 populare
1224 853 1483 918 imperium
1512 849 1883 914 (drgzaoxoavn'a)
1911 865 1995 895 vo-

163 943 322 995 catur,
361 934 496 999 quod
535 953 637 984 non
677 934 737 983 ad
776 952 988 1001 paucos,
1029 936 1114 985 sed
1153 935 1215 984 ad
1255 935 1418 1001 plures
1452 953 1615 985 rerum
1641 931 1999 984 administratio

162 1017 399 1082 pertinet3
439 1017 666 1066 fruuntur
705 1034 823 1066 vero
864 1035 888 1066 e
927 1019 1092 1081 legum
1133 1019 1437 1084 praescripto
1476 1020 1526 1067 in
1566 1019 1772 1085 privatis
1806 1023 1999 1065 contro-

162 1101 331 1148 versiis
357 1118 524 1149 omnes
552 1117 707 1166 aequo
734 1101 871 1165 jure,
911 1100 996 1149 sed
1024 1102 1155 1166 quod
1184 1102 1245 1150 ad
1273 1102 1663 1151 aestimationem
1702 1102 1903 1160 attinet,
1943 1106 1996 1147 ut

163 1184 365 1248 quisque
402 1184 565 1249 aliqua
590 1185 640 1231 in
666 1201 718 1232 re
744 1185 873 1233 bene
914 1184 1072 1244 audit,
1113 1186 1182 1233 ita
1224 1186 1366 1234 etiam
1407 1204 1438 1233 n
1456 1204 1533 1234 on
1572 1204 1603 1251 p
1621 1186 1754 1234 otiu
1771 1203 1792 1233 s
1831 1200 1951 1249 quo
1969 1182 1999 1229 d

162 1267 247 1314 sit
286 1284 357 1316 ex
397 1267 620 1332 aliqua
659 1267 901 1315 civium
944 1275 1157 1332 parte,
1212 1286 1396 1333 quam
1435 1268 1712 1317 virtutis
1750 1267 1999 1332 gratia,

162 1350 223 1398 in
261 1350 612 1416 republica
663 1350 818 1398 aliis
869 1351 1330 1416 anteponitur,
1383 1369 1590 1416 neque
1632 1352 1826 1399 etiam
1865 1368 2000 1416 pro-

163 1441 308 1498 pter
352 1440 813 1499 paupertatem
865 1434 1240 1499 quisquam,
1297 1435 1631 1483 dummodo
1683 1435 1906 1498 aliqua
1942 1435 2002 1481 in

163 1534 228 1564 re
257 1517 528 1565 civitati
565 1517 884 1582 prodesse
918 1518 1158 1582 possit,
1200 1518 1560 1582 dignitatis
1587 1519 2001 1567 obscuritate

163 1600 532 1665 impeditur.
798 1598 802 1602 ”

306 1684 670 1750 Xenophon
710 1683 772 1731 in
806 1683 1028 1733 Athen.
1063 1684 1145 1733 Re
1165 1703 1195 1750 p
1215 1686 1336 1733 ubl.
1376 1688 1412 1746 I,
1447 1688 1503 1734 2:
1545 1686 1769 1751 Aequum
1798 1705 1904 1736 esse
1933 1687 2001 1734 vi-

165 1767 332 1827 detur,
372 1774 423 1815 ut
457 1785 625 1816 omnes
666 1768 1040 1831 magistratuum
1080 1769 1345 1833 participes
1386 1771 1532 1831 fiant,
1577 1771 1678 1818 sive
1708 1789 1795 1835 per
1822 1778 2003 1819 sortem

164 1851 266 1898 sive
293 1867 381 1915 per
408 1851 706 1914 suffragium.
750 1852 936 1911 (Δοκεῖ
975 1847 1184 1898 δίκαιον
1226 1848 1354 1898 εἶναι
1396 1851 1512 1898 πᾶσι
1560 1850 1657 1899 τῶν
1700 1849 1874 1913 ἀρχῶν
1909 1871 2001 1913 με-

164 1938 322 1980 τεῖναι
351 1932 407 1980 ἔν
432 1952 483 1980 τε
509 1930 580 1996 τῷ
609 1930 780 1997 κλήρῳ
808 1935 896 1980 καὶ
925 1936 979 1980 ἐν
1010 1931 1064 1995 τῇ
1088 1936 1432 1997 χειροτονίᾳ.)

307 2019 363 2067 In
390 2017 547 2066 Cnido
577 2019 615 2065 si
644 2026 784 2083 pater
811 2019 1151 2081 magistratum
1181 2019 1460 2081 obtinebat,
1505 2022 1631 2069 iilius
1659 2039 1687 2069 a
1712 2021 2002 2083 magistratu

167 2101 548 2164 excludebatur,
588 2110 635 2149 et
662 2103 699 2150 si
728 2102 893 2167 plures
923 2103 1098 2151 fratres
1127 2111 1294 2159 erant,
1335 2105 1423 2151 soli
1455 2112 1570 2152 natu
1598 2105 1810 2152 maximo
1840 2103 1997 2151 aditus

167 2184 594 2248 ad-magistratum
621 2186 836 2251 patebat.
877 2184 944 2245 (A
962 2205 984 2233 r
1000 2187 1012 2234 i
1028 2205 1050 2235 s
1066 2194 1084 2234 t
1100 2206 1127 2235 0
1145 2194 1162 2234 t
1179 2186 1245 2236 el.
1275 2187 1314 2234 P
1330 2206 1356 2233 0
1374 2189 1463 2237 lit.
1494 2188 1552 2245 V,
1584 2191 1625 2246 ἴ),
1657 2190 1729 2243 3.)

952 2325 1049 2378 Ad
1086 2328 1227 2380 173.

310 2435 471 2485 SChOl.
511 2437 560 2483 in
601 2435 912 2502 Aristophan.
956 2436 1173 2500 Equites.
1215 2436 1307 2484 41:
1353 2432 1465 2498 ῙῙρὸ
1509 2434 1588 2493 Τῆς
1630 2432 1861 2499 εὖρέιῑεως
1902 2434 2004 2483 τῶν

175 2516 357 2582 ψήφων
383 2515 600 2580 κιψνάιιιοις
640 2517 864 2582 ἐχρῶντο
905 2522 958 2566 ἐν
999 2525 1098 2573 ταῖς
1118 2520 1460 2581 χειροτονίαις
1492 2517 1590 2566 τῶν
1619 2516 1804 2582 (ἷρχύιη
1818 2539 1886 2567 (σι’
1916 2523 2003 2566 καί

170 2607 223 2649 ἑιι
256 2609 354 2657 τοῖς
382 2604 688 2660 ἐκκλησίαις.
731 2604 890 2664 (Ante
931 2605 1267 2652 inventionem
1311 2605 1608 2654 cal‹·.ul‹·)rum
1647 2606 1771 2653 fabis
1803 2606 2002 2653 uteban-

172 2693 245 2733 tur
272 2687 320 2733 in
348 2688 584 2735 electione
614 2687 986 2749 magistratuum
1016 2696 1068 2735 et·
1089 2688 1137 2735 in
1166 2688 1526 2746 concionibus.)

951 2826 1049 2878 Ad
1087 2827 1228 2879 175.

314 2935 360 2983 H
374 2952 400 2982 a
417 2953 437 2982 r
453 2938 705 3000 pocrati
724 2954 751 2983 o
779 2954 813 2984 s.
844 2954 887 2984 v.
918 2935 1283 2996 δοκιμασθείςε
1326 2937 1579 3001 Lycurgus
1615 2939 1663 2985 in
1691 2938 1912 2986 oratione
1942 2939 2000 2987 de

174 3015 593 3067 administratione
621 3019 759 3068 dicit:
802 3028 897 3068 tres
933 3021 1295 3085 explorationes
1336 3020 1603 3070 secundum
1647 3023 1779 3084 leges
1821 3022 2004 3069 institui

174 3098 356 3159 solent,
399 3117 493 3147 una
519 3120 614 3164 qua
641 3119 818 3151 novem
860 3103 1145 3163 archontes,
1188 3105 1402 3152 secunda
1445 3123 1539 3168 qua
1580 3114 1820 3165 orattwes,
1864 3105 2012 3152 tertia*

174 3198 269 3244 qua
295 3179 408 3228 belli
436 3182 582 3231 duces
610 3186 976 3250 explorantur.“
1036 3187 1277 3250 Loquitur
1318 3196 1480 3236 tamen
1510 3189 1556 3235 in
1586 3188 1756 3236 eadem
1785 3189 2003 3236 oratione

175 3264 317 3310 etiam
350 3263 409 3311 de
437 3265 651 3327 equitnm
680 3270 1027 3332 exploratione.

317 3346 548 3395 Pollux
596 3349 725 3403 Vlll,
769 3352 860 3397 4-1:
906 3353 1193 3415 Exploratio
1237 3354 1571 3413 (δοκιμασία)
1607 3353 1878 3402 habt-batur
1905 3371 2001 3401 ma-
