2114 3642
587 181 994 213 COMMENTARIUS
1034 182 1088 212 xo
1119 181 1198 215 164.
1229 183 1308 215 167.
1336 183 1416 216 170.
1447 182 1526 216 171.
1864 171 1960 218 441

129 313 352 356 senatum
378 307 761 372 quingentorum
786 307 1100 369 mittebatur,
1141 310 1222 375 qui
1248 310 1540 376 indagabat,
1582 328 1774 361 noxane
1803 313 1964 378 aliqua

130 396 213 438 aut
240 389 372 439 fraus
399 391 448 440 in
476 408 533 440 eo
562 391 760 452 lateret,
790 398 837 440 et
863 391 930 439 sic
959 392 1018 440 ad
1045 394 1285 459 populum
1313 394 1575 444 ferebatur.
1617 395 1734 456 (An
1751 413 1825 445 on
1841 398 1964 461 ymi

128 489 362 536 argum.
390 474 451 523 in
479 474 802 524 Demosth.
831 492 869 523 0.
899 473 1281 525 Androtion.
1317 496 1362 543 p.
1393 478 1537 537 591.)

902 615 1000 668 Ad
1037 617 1179 669 164.

267 712 584 763 Consvetudo
613 714 732 763 haec
762 713 952 763 videtur
978 723 1136 765 aetate
1171 716 1518 766 Demosthenis
1546 716 1820 767 invaluisse.

905 854 1004 908 Ad
1039 856 1115 908 16
1125 857 1182 909 7.

266 950 429 1000 Schol.
456 952 507 999 in
533 951 852 1001 Demosthen.
882 950 1165 1002 Aristocrat.
1184 954 1299 1013 649,
1319 948 1560 1002 29:⁰Ooa
1590 952 1693 1002 ἴδια
1721 954 1804 1014 τῆς
1829 958 1960 1020 βου-

123 1031 207 1091 λῆς
235 1035 535 1097 ψηφίσματα
564 1028 654 1091 ἦν,
694 1031 834 1081 ταῦτ’
879 1029 940 1091 ἦν
979 1038 1165 1083 ἐπέτεια
1205 1039 1293 1082 καὶ
1336 1044 1664 1100 συνανῃρεῐτο
1704 1038 1760 1101 ἰῇ
1796 1040 1957 1104 βουλῇ

117 1113 244 1178 μετά
285 1115 523 1166 ἐνιαυτὸν
561 1122 847 1182 παυομένῃ·
893 1114 986 1165 ὅσα
1029 1117 1076 1167 δὲ
1119 1116 1219 1166 ἀπὸ
1260 1119 1342 1177 τῆς
1380 1120 1569 1184 χ’)’ὀυλῆς
1598 1121 1690 1169 ἔδει
1723 1121 1842 1186 πρὸς
1869 1122 1960 1171 τόν

124 1197 287 1263 δῆμον
313 1201 610 1265 πεμφθῆναι
646 1205 735 1249 καὶ
777 1199 834 1249 τὸ
878 1201 1037 1265 κῦρος
1080 1207 1192 1266 παρ’
1221 1200 1383 1251 αὐτοῦ
1425 1206 1628 1268 λαβεῖν,
1670 1204 1829 1254 ταῦτα
1858 1205 1960 1254 οὐκ

121 1278 182 1341 ἦν
208 1288 412 1336 ἐπέτεια,
467 1288 828 1352 (Quaecunque
870 1287 1068 1336 decreta
1108 1296 1305 1337 senatus
1335 1298 1473 1338 erant
1499 1291 1723 1355 propria⁷
1766 1293 1849 1341 illa
1876 1310 1958 1340 an-

121 1386 218 1418 nua
248 1377 388 1419 erant
414 1378 462 1419 et
487 1371 588 1419 vim
615 1371 904 1419 amittebant
940 1380 1051 1436 post
1091 1388 1272 1420 annum
1314 1381 1536 1421 cessante
1575 1388 1774 1437 senatu3
1814 1393 1957 1438 quae-

121 1470 311 1518 cunque
338 1473 455 1504 vero
484 1454 742 1520 oportebat
768 1472 796 1502 a
822 1462 993 1503 senatu
1034 1455 1094 1503 ad
1135 1456 1370 1520 populum
1409 1457 1529 1505 mitti
1559 1465 1605 1505 et
1632 1458 1693 1507 ab
1722 1459 1814 1506 hoc
1843 1476 1956 1506 con-

121 1536 326 1597 firmari,
354 1537 435 1587 illa
460 1548 559 1586 non
588 1545 726 1586 erant
753 1539 960 1596 annua.)

263 1620 566 1670 Platonis
606 1621 1051 1670 definitiones
1081 1622 1208 1668 415:
1258 1618 1525 1683 Ψήφισμα,
1569 1623 1732 1690 δόγμα
1761 1628 1957 1671 πολιτι-

120 1699 220 1750 κὸν
247 1701 316 1757 εἴς
348 1722 462 1751 τινα
496 1701 695 1767 χρόνον
735 1699 1102 1766 ἀφωρισμένον.
1157 1706 1446 1764 (Decretum
1478 1716 1548 1755 cst
1577 1708 1788 1756 edictum
1816 1709 1956 1756 civile

120 1787 180 1835 ad
207 1795 401 1854 tempus
429 1788 627 1853 aliquod
656 1787 955 1846 definitum.)

262 1871 387 1920 Cum
412 1872 575 1936 itaque
603 1871 799 1919 decreta
825 1870 996 1936 populi
1025 1888 1176 1935 usque
1194 1871 1256 1920 ad
1272 1880 1465 1938 tempus
1492 1874 1827 1938 abrogationis
1857 1876 1954 1922 vim

119 1955 241 2020 legis
267 1954 555 2014 habuerint,
596 1961 725 2003 recte
767 1971 842 2002 me
885 1953 1059 2002 fecisse
1088 1954 1321 2017 arbitror,
1364 1956 1494 2020 quod
1523 1958 1760 2006 nonnulla
1785 1959 1953 2023 populi

119 2037 314 2088 decreta
340 2039 466 2087 inter
491 2038 625 2103 leges
653 2037 937 2103 receperim.

261 2122 334 2172 Cf.
375 2123 504 2171 Bo'h
519 2121 749 2170 necke:
804 2121 1165 2186 Forschungen
1204 2123 1292 2171 auf
1326 2122 1434 2171 dem
1475 2123 1681 2173 Gebiete
1722 2124 1807 2173 der
1846 2125 1953 2172 atti-

117 2206 266 2255 schen
292 2206 491 2264 Redner
516 2206 615 2255 und
643 2204 728 2255 der
755 2204 1047 2255 Geschichte
1083 2205 1212 2254 ihrer
1238 2207 1357 2255 Zeit.
1400 2207 1590 2266 (Berlin
1621 2208 1796 2267 1843.)
1850 2209 1950 2256 Hu-

108 2290 191 2354 jus
231 2292 392 2357 operis
432 2309 548 2357 pars
587 2289 800 2338 secunda
838 2290 1054 2338 continet
1095 2289 1288 2338 decreta
1329 2288 1642 2357 (Συναγωγή
1687 2288 1951 2353 ψηφισμά-

115 2376 258 2433 των),
285 2391 408 2440 quae
436 2380 592 2424 aetate
620 2374 1002 2423 Demosthenica
1028 2374 1142 2422 inde
1171 2391 1198 2421 a
1225 2390 1346 2439 pace
1374 2375 1685 2424 Philocratea
1713 2391 1864 2439 usque
1891 2375 1951 2421 ad

117 2457 385 2509 Alexandri
422 2459 471 2506 in
511 2459 678 2510 Asiam
718 2458 1081 2524 expeditionem
1109 2476 1136 2506 a
1163 2465 1336 2506 senatu
1375 2460 1657 2524 populoque
1685 2457 1949 2507 Athenien-

115 2541 241 2590 sium
267 2541 367 2590 lata
393 2550 532 2603 sunt,
562 2551 609 2591 et
636 2544 816 2607 partim
842 2543 1060 2608 integra,
1091 2542 1270 2608 partim
1296 2541 1549 2590 decurtata
1576 2549 1783 2591 exstant.

897 2671 994 2724 Ad
1032 2672 1172 2723 170.

257 2768 404 2835 Apud
431 2768 776 2818 Chalcidenses
803 2769 879 2818 lex
915 2777 1045 2830 erat,
1085 2787 1147 2818 ne
1186 2768 1504 2832 magistratus
1545 2768 1623 2815 vel
1660 2767 1807 2831 legati
1846 2785 1946 2815 mu-

114 2870 230 2902 nere
257 2854 567 2917 fungeretur,
596 2853 678 2918 qui
706 2853 846 2902 annis
874 2853 1232 2918 quinquaginta
1259 2852 1420 2901 minor
1447 2859 1587 2900 esset.
1631 2851 1745 2911 (He
1763 2852 1944 2900 racli-

115 2936 144 2984 d
162 2954 185 2985 e
203 2955 225 2986 s
252 2937 384 2986 Pon
398 2945 430 2985 t.
459 2937 518 2985 de
546 2937 647 2984 reb.
676 2937 808 3001 publ.
839 2937 948 2997 31.)

257 3020 539 3069 Secundum
566 3020 727 3083 Leges
755 3020 977 3068 Platonis
1005 3023 1079 3085 (p.
1109 3020 1224 3080 785,
1254 3020 1320 3077 Β)
1363 3019 1476 3067 viris
1505 3027 1617 3067 ante
1645 3021 1944 3083 trigesimum

115 3104 285 3152 aetatis
312 3121 493 3153 annum
521 3121 620 3152 non
646 3103 827 3152 licebat
852 3104 1190 3167 magistratum
1217 3118 1403 3165 gerere.

899 3230 997 3284 Ad
1033 3232 1161 3282 171.

257 3330 441 3379 Thebis
468 3331 547 3380 lex
575 3337 703 3389 erat,
745 3345 829 3384 116,
867 3330 946 3393 qui
976 3346 1073 3377 non
1101 3327 1265 3376 decem
1293 3343 1444 3377 annos
1472 3330 1580 3379 foro
1608 3347 1766 3380 rerum
1796 3349 1939 3380 venaa
