2114 3642
599 210 1004 243 ‹foMMENTARms
1033 211 1100 244 AD
1130 208 1232 245 1370.
1264 209 1367 244 1373.
1790 197 1890 245 605

201 334 298 383 Sed
324 335 434 397 lege
462 336 598 384 Julia
624 334 812 382 nullum
840 334 1105 386 divortium
1130 345 1292 387 ratum
1319 345 1416 398 est,
1454 338 1493 385 si
1520 337 1778 402 repudium
1805 355 1894 404 per

60 417 342 466 libertinum
367 418 568 466 missum
594 436 691 466 non
722 426 794 466 est
822 427 1007 484 septem
1036 421 1226 469 civibus
1252 421 1486 469 Romanis
1513 420 1783 486 puberibus
1811 422 1891 470 ad-

58 500 222 549 hibitis
261 508 454 565 praeter
493 501 722 550 libertum
750 502 877 566 ejus,
920 504 1001 567 qui
1028 503 1292 553 divortium
1322 505 1449 554 facit.
1490 504 1781 570 (Ulpian.
1824 506 1892 553 fr.

58 601 149 632 un.
189 583 297 632 fin.
336 583 502 633 unde
542 585 635 633 vir
674 592 732 634 et
771 603 943 634 uxor.
978 615 1038 620 —
1068 587 1216 652 Graji
1257 588 1324 637 fr.
1365 588 1446 637 43.
1489 588 1574 637 ad.
1615 589 1733 652 leg.
1769 587 1894 636 Jul.

57 665 128 714 de
171 664 392 727 adult.)
823 737 922 790 Ad
952 739 1121 792 1370

199 846 392 896 Odeum
417 847 548 895 intus
576 848 744 896 multis
771 848 1004 897 sedilibus
1039 866 1094 897 ac
1133 849 1373 898 columnis
1411 851 1721 909 distinctum,
1765 856 1894 898 tecto

53 936 217 978 autem
257 930 432 979 declivi
473 937 519 978 et
559 948 657 978 uno
697 930 892 993 fastigio
931 931 1096 980 clauso
1137 938 1446 989 contentum,
1490 941 1592 980 erat
1631 933 1819 995 effigies
1847 941 1894 980 et

54 1013 331 1078 exemplum
371 1014 493 1078 regii
531 1013 861 1071 tabernaculi,
901 1031 930 1062 a
956 1013 1145 1062 Pericle
1186 1014 1463 1073 conditum,
1505 1015 1555 1063 in
1582 1031 1677 1079 quo
1705 1015 1892 1063 musica

52 1097 321 1145 certamina
347 1097 709 1163 spectabantur.
753 1096 1112 1156 (Plutarch.
1139 1097 1180 1145 P
1196 1098 1374 1146 ericl.
1407 1097 1516 1158 13.)

193 1181 251 1229 In
279 1180 418 1229 Odeo
459 1180 605 1228 etiam
643 1179 826 1227 archon
858 1180 939 1244 jus
979 1178 1188 1228 dicebat.
1231 1178 1494 1239 (Suidas
1520 1198 1556 1228 s.
1586 1198 1630 1228 v.
1661 1175 1889 1241 ᾠδεῖον.)

194 1262 371 1313 Pollux
397 1262 534 1323 VIII,
565 1262 656 1310 33:
697 1257 799 1315 Τάς
826 1264 904 1308 ἐπὶ
932 1260 1004 1324 τῷ
1031 1262 1154 1324 σίτῳ
1183 1258 1330 1316 δίκας
1357 1264 1409 1309 ἐν
1440 1258 1604 1324 ᾠδείῳ
1632 1259 1886 1319 ἐδίκαζον.

51 1347 205 1400 Slvos
246 1342 299 1393 δέ
333 1348 470 1393 ἐστιν
509 1346 560 1391 αἱ
601 1341 929 1406 ὀφειλόμεναι
968 1345 1170 1406 τροφαί.
1212 1346 1494 1405 (Frumenti
1534 1346 1643 1394 lites
1670 1345 1721 1393 in
1749 1345 1887 1394 Odeo

42 1428 348 1492 judicabant.
399 1429 722 1477 Frumentum
748 1434 914 1477 autem
941 1435 1014 1476 est
1040 1427 1234 1476 debitus
1262 1427 1439 1488 cibus.)

191 1511 337 1576 Apud
365 1511 578 1559 Thurios
604 1511 784 1559 licebat
810 1510 950 1558 uxori
987 1510 1252 1559 divortium
1279 1528 1388 1559 cum
1415 1511 1520 1560 viro
1549 1512 1710 1560 facere
1739 1521 1785 1561 et
1810 1513 1882 1560 in-

49 1595 116 1642 ire
142 1594 439 1643 matrimonii
465 1594 639 1643 foedus
668 1611 780 1643 cum
812 1611 1108 1658 quocunque
1147 1594 1323 1654 vellet,
1363 1594 1511 1643 modo
1539 1611 1600 1643 ne
1619 1595 1789 1659 junior
1817 1613 1886 1644 es-

47 1684 121 1725 set
162 1677 336 1726 marito
374 1676 551 1743 priori3
591 1676 861 1741 eademque
899 1678 1113 1737 ratione,
1151 1677 1189 1724 si
1232 1676 1338 1741 quis
1379 1677 1640 1742 conjugem
1678 1678 1754 1726 vir
1790 1680 1884 1744 eje-

49 1760 218 1820 cisset,
259 1760 442 1809 nullam
469 1760 667 1810 dimissa
687 1760 934 1825 juniorem
973 1758 1063 1808 sibi
1096 1760 1307 1824 jungere
1346 1767 1552 1825 poterat.
1595 1761 1884 1820 (Diodor.

48 1840 242 1891 Sicul.
271 1844 383 1904 XII,
417 1843 522 1902 18.)

190 1924 338 1992 Apud
376 1927 627 1976 Romanos
667 1927 827 1975 soluto
868 1926 990 1975 citra
1027 1927 1225 1992 culpam
1263 1925 1427 1975 uxoris
1468 1926 1806 1986 matrimonio,
1846 1928 1885 1975 si

49 2009 220 2057 mulier
247 2009 310 2057 ob
338 2026 499 2058 mores
527 2010 617 2057 viri
646 2009 870 2065 divortit,
912 2010 987 2058 vir
1014 2026 1119 2057 eam
1148 2009 1337 2068 dotem,
1367 2026 1489 2073 quae
1518 2026 1709 2067 annua,
1735 2009 1881 2068 bima,

47 2092 192 2140 trima
218 2091 293 2141 die
320 2091 459 2141 reddi
488 2091 660 2153 debet,
689 2092 752 2140 ob
778 2093 987 2157 majores
1015 2109 1175 2140 mores
1204 2099 1537 2157 praesentem,
1566 2098 1770 2156 propter
1795 2093 1881 2139 mi-

47 2193 192 2224 nores
230 2192 401 2224 senum
440 2175 683 2223 mensium
722 2174 798 2222 die
841 2174 1044 2224 reddere
1084 2174 1241 2223 debet.
1293 2174 1438 2233 Quod
1478 2174 1538 2222 ad
1568 2191 1672 2222 eam
1700 2174 1880 2236 dotem,

47 2273 170 2321 quae
197 2275 428 2323 praesens
468 2258 603 2307 reddi
644 2258 791 2319 solet,
832 2265 878 2307 et
906 2257 1142 2323 quidquid
1169 2274 1193 2306 e
1219 2257 1361 2306 bonis
1389 2258 1551 2306 uxoris
1581 2256 1657 2306 vel
1684 2258 1879 2306 liberto-

47 2358 153 2389 rum
180 2341 284 2406 ejus
312 2341 373 2390 ad
402 2358 514 2390 eum
539 2341 792 2406 pervenit,
837 2349 889 2388 ut
917 2347 990 2400 et,
1031 2341 1069 2388 si
1097 2340 1210 2389 dolo
1239 2340 1368 2388 malo
1397 2340 1580 2389 factum
1607 2340 1723 2401 erit,
1763 2358 1880 2404 quo-

46 2424 206 2472 minus
233 2425 536 2488 perveniret,
578 2431 762 2488 quanta
799 2424 1009 2489 pecunia
1044 2423 1159 2484 erit,
1202 2431 1390 2472 tantam
1415 2423 1518 2486 ipse
1547 2423 1712 2487 ejusve
1740 2422 1878 2471 here-

47 2507 133 2555 des
158 2507 414 2572 pecuniam
441 2507 580 2567 dato,
621 2513 667 2554 et
693 2507 766 2555 vir
795 2507 938 2555 simul
965 2506 1151 2555 fructus
1180 2506 1486 2570 quadriennii
1513 2512 1765 2571 praestare
1795 2505 1876 2554 de-

46 2590 143 2638 bet.
189 2589 275 2639 Sin
301 2590 515 2638 mulieris
542 2589 686 2656 culpa
713 2589 970 2639 discidium
998 2589 1208 2649 factum,
1237 2607 1429 2638 morum
1456 2589 1652 2653 quidem
1680 2590 1877 2638 nomine

46 2673 248 2721 maritus
281 2673 562 2736 graviorum
603 2673 800 2737 quidem
839 2680 1051 2733 sextam,
1092 2672 1331 2721 leviorum
1360 2680 1585 2720 octavam
1613 2672 1739 2721 dotis
1767 2690 1876 2737 par·

44 2764 143 2805 tem
170 2756 360 2804 retinet.
403 2754 690 2819 (Ulpian.
727 2756 827 2804 lib.
863 2755 974 2805 VII.
1011 2754 1084 2802 ad
1118 2755 1234 2817 leg.
1270 2755 1392 2802 Jul.
1431 2762 1490 2802 et
1528 2755 1669 2820 Pap.
1709 2755 1765 2803 fr.
1794 2755 1874 2803 46.

47 2847 93 2887 et
133 2838 281 2903 Gaji
322 2838 426 2886 lib.
465 2837 549 2887 VI.
590 2838 662 2887 ad
702 2839 821 2903 leg.
861 2839 986 2887 Jlll.
1034 2846 1094 2886 et
1132 2839 1274 2902 Pap.
1315 2838 1370 2886 fr.
1401 2838 1473 2895 7.)

808 2977 907 3030 Ad
936 2979 1123 3030 1373.

188 3088 335 3155 Apud
361 3087 636 3149 Romanos,
677 3087 852 3153 quibus
891 3095 1184 3136 testamento
1224 3085 1420 3150 quidem
1447 3092 1577 3134 tutor
1605 3087 1745 3136 datus
1772 3104 1873 3136 non

46 3175 131 3233 sit,
170 3174 227 3221 iis
267 3192 291 3222 e
331 3173 439 3237 lege
478 3172 589 3221 XII.
630 3173 795 3235 agnati
842 3179 953 3220 sunt
991 3179 1204 3231 tutores,
1259 3171 1338 3234 qui
1379 3178 1618 3219 vocantur
1655 3170 1870 3232 legitimi.

46 3256 172 3304 Sunt
198 3263 359 3304 autem
396 3255 564 3318 agnati
604 3273 693 3319 per
731 3255 881 3303 virilis
920 3271 1064 3303 sexus
1104 3270 1339 3319 personas
1368 3255 1661 3318 cognatione
1680 3252 1869 3316 juncti,

46 3339 183 3401 quasi
223 3355 251 3386 a
288 3346 426 3404 patre
467 3339 689 3400 cognati,
732 3337 881 3385 veluti
923 3338 1070 3386 frater
1112 3336 1281 3386 eodem
1321 3344 1454 3400 patre
1496 3343 1663 3394 natus,
1706 3333 1871 3384 fratris
