2114 3642
186 209 285 256 288
903 223 980 253 ms
1012 221 1286 254 PUBLICFM.

184 352 261 400 vcl
288 369 460 400 manus
495 352 571 399 vel
612 350 786 416 pedes,
826 348 906 395 ille
947 364 1006 395 ex
1048 347 1239 410 legibus
1267 347 1627 414 Areopagiticis
1667 348 1769 413 ejus
1809 348 2005 397 civitate

182 435 370 495 exulet‚
411 451 554 498 quem
582 432 801 492 laeserit,
843 437 891 479 et
916 429 953 477 si
982 429 1103 478 forte
1133 430 1354 493 redierit,
1383 431 1574 481 delatus
1603 431 1663 482 ad
1692 432 2005 495 magistratus

182 525 335 567 morte
359 515 685 566 mulctabitur⁴

1023 584 1169 636 1143.

315 679 440 729 ’Edu
489 684 576 728 ἕνα
626 676 910 742 ὀφθαλμὸν
961 680 1169 741 ἔχοντος
1219 679 1425 746 ἐκκόψῃ
1477 700 1546 736 τι5·
1571 718 1583 738 ,
1636 677 2006 729 ἀντεκκόπτειν

181 762 295 821 τούς
323 762 429 813 δύο.
726 765 858 825 (Lex
885 764 1076 815 Solonis
1104 767 1237 834 apud
1265 767 1473 831 Diogen.
1502 766 1662 815 Laert
1690 767 1727 826 Ι,
1757 765 1864 826 57.)

1016 872 1038 919 1
1054 871 1163 922 143.

317 967 412 1028 Qui
462 967 602 1016 alteri
654 984 805 1017 unum
856 967 1052 1019 oculum
1105 967 1307 1020 habenti
1362 986 1474 1020 eum
1519 969 1725 1031 eruerit,
1777 969 1819 1018 ei
1857 967 2004 1018 ambo

177 1058 421 1100 eruantur.
1212 1086 1215 1090 -

1018 1123 1166 1173 1144.

320 1213 450 1272 Του5·
478 1213 523 1263 δ’
551 1213 958 1282 ἀπογενομένους
985 1220 1040 1265 ἐν
1066 1223 1170 1273 τοῖς
1197 1215 1399 1281 δημοις,
1442 1212 1531 1274 οὓς
1570 1214 1636 1266 ἂν
1655 1216 1826 1281 μηδεὶς
1853 1214 2002 1266 ἀναι-

174 1296 345 1361 ρῆται,
398 1302 703 1367 ἑπαγγελέτω
742 1293 769 1347 ὁ
809 1297 1060 1364 δήμαρχος
1099 1308 1202 1357 τοῖς
1242 1300 1584 1366 προσήκουσιν
1634 1299 1862 1366 ἀναιρεῖν
1911 1304 2002 1349 καὶ

177 1379 393 1430 θάπτειν
434 1386 522 1430 καὶ
562 1385 839 1447 καθαίρειν
876 1381 968 1432 τὸν
1007 1383 1198 1448 δῆμον,
1238 1384 1297 1449 τῇ
1340 1381 1490 1451 ἡμέρα
1530 1386 1559 1449 ῂ
1599 1381 1665 1433 ἂν
1698 1382 2003 1453 ἀπογένηται

172 1468 380 1522 ἕκαστος
407 1464 590 1517 αὐτῶν.
636 1463 997 1535 Ἐπαγγέλλειν
1035 1467 1084 1517 δὲ
1113 1488 1220 1534 περι
1243 1472 1341 1533 μὲν
1367 1468 1468 1518 τῶν
1496 1467 1695 1518 δούλων
1721 1489 1792 1516 τω
1820 1467 2002 1518 δεσπό-

172 1568 259 1611 τῃ,
300 1553 405 1613 περὶ
449 1549 497 1599 δὲ
538 1550 641 1599 τῶν
680 1554 958 1615 ἐλευθέρων
997 1559 1099 1608 τοῖς
1138 1550 1197 1600 τά
1221 1551 1438 1617 χρήματ’
1465 1555 1698 1616 ἔχουσιν·
1740 1550 1830 1602 ε’·ἀν
1857 1551 1906 1602 δὲ
1928 1550 1998 1617 μή

171 1628 458 1697 ᾖχρήματα
495 1634 566 1699 τῴ
607 1632 962 1692 ἀποθανόντι,
991 1642 1095 1691 τοῖς
1142 1634 1451 1699 προσήκουσι
1492 1636 1585 1685 τοι)Ι
1638 1634 2000 1692 ἀποθανόντος

171 1719 518 1783 ἐπαγγέλλειν·
559 1714 650 1766 ε’·ἀν
677 1717 726 1765 δὲ
754 1717 846 1766 τοῦ
877 1716 1137 1782 δημάρχου
1176 1723 1567 1788 ἐπαγγείλαντος
1589 1717 1660 1784 μή
1691 1717 1999 1784 ἀναιρῶνται

173 1801 219 1846 οἱ
248 1799 611 1863 προσήκοντες,
652 1795 679 1850 ό
701 1802 800 1864 μὲν
827 1800 1082 1866 δήμαρχος
1122 1801 1531 1867 ἀπομισθωσάτω
1560 1801 1758 1852 ἀνελεῖν
1783 1807 1873 1852 καὶ
1900 1823 2000 1852 κα-

173 1881 406 1949 ταθάψαι
433 1889 522 1934 καὶ
548 1885 779 1951 καθᾶραι
805 1884 898 1935 τὸν
938 1886 1099 1951 δῆμον
1140 1886 1454 1952 αὐθημερὸν,
1496 1885 1627 1945 ὅπως
1654 1884 1721 1936 ἂν
1747 1885 2000 1937 δύνωνται

172 1964 461 2034 όλιγίστου’
500 1967 591 2018 ἐάν
617 1969 665 2020 δὲ
687 1969 758 2035 μή
788 1967 1156 2035 ἀπομισθώσῃ,
1197 1969 1439 2034 ὀφειλέτω
1473 1974 1645 2034 χιλίας
1673 1970 1902 2036 δραχμάς
1927 1971 1997 2037 τῷ

172 2048 417 2116 δημοσίῳ·
460 2050 490 2100 ὅ
527 2074 572 2100 τι
614 2052 658 2101 δ’
686 2051 752 2103 ἄν
788 2053 1052 2119 ἀναλώσῃ,
1093 2054 1360 2105 διπλάσιον
1399 2054 1674 2120 πραξάσθω
1721 2053 1852 2118 παρά
1898 2054 2000 2103 τῶν

171 2130 506 2195 ὀφειλόντων·
549 2134 640 2186 ε’·ἀν
668 2135 716 2185 δὲ
740 2136 810 2201 μή
840 2138 1032 2204 πράξῃ,
1074 2137 1227 2197 αὐτὸς
1255 2139 1493 2203 ὀφειλέτω
1518 2146 1621 2194 τοῖς
1650 2137 1895 2201 δημόταις.

1000 2225 1280 2286 (Demosth.
1306 2226 1416 2276 adv.
1445 2226 1643 2276 Macart.
1678 2224 1855 2284 1069.)

1005 2331 1154 2382 1144.

312 2423 607 2473 Interfectos
650 2432 812 2474 autem
852 2427 901 2474 in
935 2427 1116 2488 demis,
1156 2445 1278 2493 quos
1305 2444 1450 2477 nemo
1477 2426 1753 2488 sustulerit,
1792 2427 1997 2492 imperet

171 2504 460 2554 demarchus
503 2509 753 2571 cognatis,
795 2516 847 2557 ut
880 2510 1055 2559 tollant
1081 2516 1129 2558 et
1156 2510 1424 2575 sepeliant,
1468 2517 1516 2558 et
1541 2528 1726 2575 pagum
1754 2516 1994 2576 purgent,

172 2587 342 2637 eodem
370 2588 474 2651 die,
516 2608 611 2655 quo
639 2591 817 2655 singuli
846 2593 988 2642 occisi
1024 2594 1216 2643 fuerint.
1268 2593 1540 2642 Denuntiet
1566 2601 1728 2642 autem
1756 2591 1814 2641 dc
1842 2592 1994 2641 servis

172 2669 395 2732 domino,
435 2672 494 2721 de
523 2674 777 2738 ingenuis,
817 2676 874 2725 iis
901 2677 979 2741 qui
1008 2677 1057 2725 in
1084 2676 1227 2726 bonis
1255 2684 1380 2725 sunt.
1435 2676 1520 2725 Sin
1547 2677 1706 2725 occiso
1734 2676 1867 2725 bona
1893 2693 1993 2724 non

173 2761 337 2813 erunt,
377 2757 519 2806 occisi
549 2759 772 2822 cognatis
802 2759 1070 2809 denuntiet.
1122 2759 1208 2808 Sin
1242 2767 1352 2824 post
1391 2760 1637 2808 demarchi
1665 2759 1991 2808 denuntiatio-

174 2852 282 2882 nem
311 2840 503 2902 cognati
532 2859 631 2889 non
659 2843 966 2904 sustulerint,
1008 2843 1298 2892 demarchus
1337 2844 1608 2893 tollendum
1633 2842 1843 2891 cadaver
1868 2842 1994 2891 locet

174 2924 221 2964 et
246 2921 581 2983 sepeliendum
621 2933 667 2974 et
704 2927 1017 2991 purgandum
1056 2926 1229 2976 eodem
1268 2927 1343 2975 die
1373 2944 1582 2992 pagum,
1622 2943 1767 2990 quam
1794 2927 1992 2975 minimo

173 3003 361 3064 poterit.
412 3004 494 3054 Sin
522 3026 621 3057 non
648 3010 907 3071 locaverit,
951 3010 1129 3059 debete
1158 3011 1289 3060 mille
1316 3010 1570 3059 drachmas
1597 3010 1798 3058 aerario.
1839 3010 1990 3070 Quid-

174 3082 286 3146 quid
327 3093 487 3136 autem
525 3091 844 3157 impenderit,
886 3093 1089 3160 duplum
1127 3111 1155 3142 a
1194 3094 1488 3144 debentibus
1528 3093 1726 3156 exigito.
1778 3092 1920 3153 Quod
1952 3095 1990 3161 si

172 3182 267 3212 non
298 3167 490 3226 fecerit,
530 3173 631 3237 ipse
661 3175 839 3226 debeto
867 3177 1086 3227 demotis.

298 3350 392 3411 Ὃς
432 3353 496 3406 ἂν
536 3353 704 3423 ἄρχων
745 3359 772 3421 ἢ
810 3363 1000 3425 ἰδιώτης
1036 3366 1193 3424 αἴτιος
1228 3363 1375 3431 ᾖτὸν
1416 3364 1609 3432 θεσμὸν
1648 3367 1972 3437 συγχυθῆναι
