2114 3642
494 205 899 236 COMMENTARIUS
929 203 994 234 An
1026 201 1104 233 17⁵2.
1135 202 1212 236 180·
1245 201 1323 235 185.
1354 202 1433 236 iss.
1466 200 1543 236 196.
1575 202 1654 236 197.
1894 189 1995 237 443

159 331 472 396 gistratibus,
513 339 615 380 tam
652 338 781 380 sorte
822 348 969 396 quam
1007 332 1244 396 suffragio
1283 332 1483 391 creatis,
1522 349 1638 380 num
1666 330 1726 380 ad
1752 331 1993 397 imperan-

159 414 274 463 dum
300 414 462 464 idonei
489 422 675 475 essent,
715 431 807 462 nec
833 431 908 463 ne.

938 541 1036 595 Ad
1072 545 1215 596 178.

298 639 546 707 Anonymi
573 658 762 705 argum.
791 642 840 689 in
866 642 1120 690 Demosth.
1149 648 1268 690 orat.
1297 658 1336 689 c.
1366 639 1655 689 Androtion.
1699 641 1823 688 591:
1868 641 1989 700 Τρί-μ

155 741 239 777 ”tog
277 721 457 786 νόμος,
501 722 592 773 τὸν
631 719 934 786 ἡταιρηκότα
967 721 1036 787 μὴ
1078 720 1450 777 πολιτεύεσθαι.
1513 725 1708 783 (Tertia
1741 724 1846 774 lcx:
1897 725 1992 784 Qui

155 806 435 871 pudicitiam
465 809 740 874 prostituit,
782 826 810 857 a
837 809 1092 874 republica
1117 808 1336 873 gerenda
1362 807 1647 865 abstineto.)

936 949 1035 1002 Ad
1071 950 1214 1002 180.

295 1046 579 1096 Secundum
618 1046 838 1096 Platonis
879 1047 1040 1111 Leges
1079 1046 1226 1109 (751,
1268 1045 1470 1106 C-—D)‚
1514 1062 1636 1110 opus
1677 1053 1776 1105 est,
1818 1053 1870 1094 ut
1911 1047 1992 1110 qui

154 1137 284 1179 recte
312 1131 409 1179 sint
445 1131 815 1194 magistratuum
856 1138 1123 1196 potestates
1159 1129 1350 1190 inituri,
1393 1128 1736 1176 documentum
1764 1129 1989 1177 idoneum

151 1230 262 1262 cum
288 1214 382 1279 ipsi
409 1221 514 1262 tum
540 1232 699 1279 genus
742 1215 1047 1278 singulorum
1074 1232 1102 1262 a
1128 1214 1294 1280 pueris
1318 1229 1472 1277 usque
1501 1212 1561 1260 ad
1591 1212 1882 1261 electionem
1909 1213 1989 1260 de-

153 1296 340 1359 derint,
394 1297 570 1347 deinde
620 1299 961 1347 electuros
1013 1315 1266 1362 quoque
1320 1296 1613 1345 moribus
1666 1295 1992 1359 legitimis

153 1380 467 1430 educatos
518 1383 852 1446 probeque
905 1381 1088 1429 erudi
1110 1387 1210 1427 tos
1264 1396 1406 1428 esse
1466 1379 1748 1439 debere,
1815 1386 1866 1426 ut
1916 1378 1993 1426 vel

153 1472 436 1514 aversantes
462 1466 541 1524 vel
569 1466 836 1530 probantes
878 1471 1005 1513 recte
1045 1464 1302 1513 admittere
1331 1470 1378 1511 et
1406 1462 1664 1511 excludere
1704 1463 1894 1527 possint
1921 1461 1990 1508 di-

151 1563 274 1609 gnos
302 1549 500 1597 utrovis.

934 1615 1033 1668 Ad
1071 1616 1213 1668 185.

294 1714 524 1765 Aeschin.
552 1715 768 1780 Ctesiph.
799 1713 962 1779 §.171
1007 1710 1188 1766 Οὐδείς
1215 1715 1350 1759 ἐστιν
1378 1707 1740 1764 ἇνι»’ῑτεύθυνος
1767 1709 1868 1757 τῶν
1896 1713 1983 1757 καὶ

150 1790 392 1845 ὁπωσοῦν
431 1795 553 1861 πρὸς
591 1794 651 1844 τά
693 1793 846 1844 κοινοὶ
890 1793 1356 1859 προσεληλυθότων.
1399 1798 1584 1856 (Nemo
1612 1803 1685 1844 est
1712 1813 1880 1844 eorum
1908 1796 1989 1860 qui

150 1882 209 1930 ad
240 1883 596 1948 rempublicam
622 1881 1064 1947 quomodocunque
1093 1881 1412 1940 accesserint,
1448 1878 1815 1927 referendarum
1844 1879 1985 1926 ratio*

151 1983 267 2013 num
289 1965 475 2030 judicio
503 1966 734 2025 solutus.)

291 2047 452 2097 Schol.
481 2048 531 2096 in
559 2048 875 2114 Aristophan.
905 2047 1064 2111 Equit.
1094 2046 1217 2094 822:
1249 2044 1306 2091 Οἱ
1330 2044 1642 2107 χειρίοαντὲς
1668 2063 1711 2090 τι
1741 2042 1841 2089 τῶν
1868 2062 1951 2089 >cot
1976 2074 1982 2075 ν

151 2129 254 2178 mih]
280 2132 368 2177 καὶ
399 2128 773 2188 διοικήσαντες,
820 2128 916 2176 Τῶν
960 2126 1293 2190 ἀνηλωμένων
1326 2125 1602 2191 χρημάτων
1643 2124 1737 2173 &8¹19
1751 2125 1869 2180 ύνας
1898 2130 1984 2173 καί

148 2212 423 2281 λογισμούς
451 2213 695 2262 διδοῦσιν.
740 2216 862 2275 (Qui
903 2215 1155 2280 publicum
1184 2214 1437 2277 negotium
1466 2220 1677 2261 tractant
1707 2220 1752 2259 et
1780 2211 1981 2259 admini-

148 2307 329 2362 strant,
372 2317 697 2365 expensarum
724 2299 1044 2365 pecuniarum
1074 2299 1285 2347 rationes
1313 2296 1566 2355 reddunt.)

930 2439 1028 2492 Ad
1065 2440 1206 2492 188.

287 2538 459 2604 Lysias
486 2537 595 2586 adv.
626 2538 908 2587 Nicomach.
937 2536 979 2603 ξ.
1009 2540 1066 2585 5:
1110 2536 1169 2583 Οἱ
1204 2536 1300 2598 μὲν
1340 2529 1483 2581 ἄλλοι
1513 2531 1596 2589 τῆς
1624 2526 1796 2579 αὐτῶν
1822 2528 1979 2594 ἀρχὴς

144 2616 277 2666 κατὰ
319 2622 627 2681 πρυτανείαν
667 2618 827 2687 λόγον
867 2617 1191 2683 ἀναφέρουσι.
1248 2619 1438 2679 (Ceteri
1480 2617 1675 2682 quidem
1715 2618 1784 2664 sui
1828 2617 1981 2678 inagi-

146 2711 324 2753 stratus
351 2722 449 2752 una
475 2722 665 2769 quaque
693 2706 924 2771 prytania
951 2706 1165 2755 rationes
1191 2703 1453 2763 referunt.)

930 2846 1028 2899 Ad
1064 2846 1205 2897 196.

288 2942 449 2991 Schol.
477 2942 525 2989 in
559 2940 781 2991 Aeschin.
811 2943 1055 2992 Timarch.
1086 2944 1177 2994 19:
1222 2942 1278 2987 ΟΞ
1321 2941 1465 2986 ἐννέα
1501 2932 1744 2999 ἄρχοντες
1764 2935 1891 2999 μετὰ
1924 2936 1978 2984 τὸ

146 3027 370 3081 ἐξελθεῖν
396 3029 454 3072 ἐκ
481 3023 564 3080 τῆς
592 3019 748 3084 ἀρχῆς
780 3021 1139 3090 Ἀρεοπαγῖται
1167 3025 1415 3089 γίνονται.
1471 3023 1690 3081 (Novem
1719 3022 1980 3070 archontes

146 3118 255 3173 post
282 3127 532 3173 egressum
560 3126 583 3156 e
612 3109 897 3170 magistratu
928 3111 1051 3157 fiunt
1078 3107 1452 3172 Areopagitae.)

927 3248 1025 3300 Ad
1062 3248 1202 3298 197.

287 3346 449 3397 Schol.
484 3349 534 3395 in
564 3345 788 3397 Aeschin.
817 3345 1056 3394 Timarch.
1091 3345 1178 3391 19:
1223 3346 1280 3388 02
1324 3344 1466 3390 ἐννέα
1506 3336 1747 3405 ἄρχοντες
1790 3341 1973 3398 στέφω-
