2161 3673
219 282 287 328 96
941 290 1020 321 ms
1046 286 1321 319 PUBLICUM.

1072 411 1188 460 385.

362 518 424 566 Et
449 517 641 564 inverse
668 510 886 560 tributim
911 508 1058 556 sumti
1085 507 1403 570 magistratus
1431 513 1559 555 sorte
1586 510 1829 560 creantur,
1856 508 1909 549 ut
1929 516 2045 548 ven-

220 600 428 659 ditores,
457 598 802 659 castigatores3
842 590 1062 655 exceptis
1088 590 1298 640 tribunis
1325 598 1374 640 et
1400 590 1627 640 ordinum
1654 584 1874 636 ducibus.

854 880 1280 982 Κεφάλαιον
1315 880 1421 952 E'.

1142 1012 1160 1033 (

732 1016 1040 1110 Περὶ
1139 1013 1529 1107 ιερῶν.

971 1238 1183 1332 Caput
1215 1237 1291 1314 V.

873 1369 929 1444 D
958 1393 993 1445 e
1061 1393 1093 1444 s
1116 1393 1156 1443 a
1176 1392 1211 1444 c
1235 1393 1271 1442 1·
1293 1369 1316 1442 i
1338 1391 1386 1442 S.

1068 1539 1184 1588 386.

356 1636 461 1687 Τὸν
487 1638 614 1701 ἱερέα
641 1634 770 1684 εἶναι
799 1634 874 1684 δεῖ
899 1635 1136 1698 ἐζαπειρον
1162 1630 1334 1695 νόμων
1359 1630 1462 1679 τῶν
1489 1633 1598 1695 περὶ
1628 1633 1812 1689 θυσίας
1837 1633 1927 1680 καὶ
1956 1627 2043 1680 εὐ·-

206 1721 305 1784 χὰς
332 1726 419 1770 καὶ
447 1718 755 1784 καθαρμούς
781 1722 870 1767 καὶ
898 1715 1124 1781 ἱδρύσεις.
1198 1716 1470 1778 (Stobaeus
1498 1717 1585 1766 ecl.
1609 1717 1703 1766 eth.
1731 1735 1778 1783 p.
1806 1717 1923 1766 122.

1069 1826 1185 1874 386.

353 1925 672 1975 Sacerdotem
698 1932 891 1992 oportet
917 1939 1020 1973 esse
1048 1923 1262 1989 peritum
1288 1922 1454 1986 legum
1487 1921 1547 1970 de
1575 1919 1853 1980 sacrificiis,
1894 1918 2046 1984 preci·

212 2010 328 2069 bus,
354 2008 723 2059 lustrationibus
751 2016 800 2057 et
827 2006 1238 2056 exstructionibus
1264 2005 1572 2070 templorum.

358 2210 418 2258 Οἱ
445 2211 586 2273 ἱερεῖς
612 2212 663 2267 ἐξ
697 2199 852 2271 οὗπερ
892 2202 1223 2266 ὡσιώθησαν,
1266 2204 1529 2268 ἀνώνυμοί
1556 2210 1608 2254 τί
1632 2206 1723 2254 εἰσι
1753 2208 1842 2252 καί
1871 2200 2040 2253 οὐκέτι

215 2289 518 2354 ὀνομαστοὶ,
548 2285 615 2346 ὦς
642 2287 708 2338 ἂν
735 2288 1000 2353 ἱερώνυμοι
1029 2286 1120 2348 ἤδη
1146 2293 1480 2357 γεγενημένοι.

1226 2375 1453 2435 (Lucian.
1482 2373 1752 2438 Lexiphan.
1783 2373 1904 2433 10.).

1068 2481 1185 2530 387.

356 2576 648 2628 Sacerdotes
664 2595 692 2626 a
709 2594 804 2642 quo
821 2584 1042 2642 tempore
1059 2577 1329 2625 consecrati
1355 2584 1494 2635 sunt,
1525 2575 1757 2640 anonymi
1786 2582 1931 2623 sunto
1958 2590 2047 2622 nec

211 2661 314 2726 jam
341 2679 426 2710 suo
452 2661 650 2710 nomine
680 2659 1030 2719 nominabiles,
1070 2668 1124 2708 ut
1158 2660 1239 2723 qui
1268 2676 1406 2708 sacro
1427 2659 1532 2722 jam
1560 2659 1756 2707 nomine
1782 2657 2045 2722 gaudeant.

350 2856 654 2923 Ἱερωσύνυν
683 2858 895 2916 οὐδενὸς
925 2858 1062 2908 θεῶν
1088 2858 1422 2922 κληρώσεται,
1468 2855 1521 2915 ὃς
1555 2856 1660 2908 οὔκ
1687 2864 1785 2909 ἐστι
1813 2857 2046 2920 καθαρὸς

223 2942 276 2992 τὸ
304 2944 457 3006 σῶμα.
652 2946 907 3007 (Aeschin.
937 2962 975 2994 c.
1003 2944 1248 2993 Timarch.
1280 2941 1321 3006 ξ.
1357 2942 1471 2991 188.
1516 2945 1618 2994 Lex
1646 2944 1901 3004 Solonis).

361 3135 406 3183 [s
434 3134 612 3183 nullius
639 3135 715 3184 dei
741 3134 1070 3185 sacerdotium
1097 3134 1338 3191 sortietur,
1368 3135 1446 3199 qui
1472 3152 1569 3182 non
1592 3151 1715 3199 puro
1731 3152 1937 3199 corpore
1957 3144 2042 3190 est,

363 3333 418 3378 02
461 3334 657 3393 ἱερεῖς
694 3332 1059 3396 δοκιμάζονται
1078 3371 1089 3389 ,
1131 3335 1178 3380 εἰ
1201 3331 1399 3392 ἀφελεῖς
1424 3336 1512 3380 καὶ
1542 3328 1824 3396 ὁλόκληροι.

1425 3418 1663 3481 (Etymol.
1692 3417 1897 3481 Magn.).
