2114 3642
141 237 242 286 612
614 246 1024 285 COMMENTARIUS
1054 244 1122 276 AD
1150 242 1252 276 1392.
1282 242 1385 276 1393.
1414 241 1517 276 1395.

141 388 239 441 est,
282 397 393 428 nam
436 388 481 429 et
522 381 640 427 haec
679 376 837 440 neptis
878 372 984 421 Ioco
1012 379 1112 433 est;
1152 370 1236 420 sed
1262 371 1331 419 ita
1357 371 1555 419 demum
1583 370 1674 418 erit
1697 386 1785 417 sua
1812 368 1976 427 heres,

139 464 177 510 si
207 463 360 523 filius,
389 464 526 527 cujus
554 463 601 508 in
629 476 777 507 manu
806 457 920 516 fuit,
961 472 1070 503 cum
1100 461 1240 520 pater
1268 454 1499 514 moritur,
1528 454 1578 501 in
1606 459 1847 517 potestate
1875 452 1978 516 ejus

138 564 238 594 11011
266 547 339 595 sit.
395 545 609 594 Postumi
638 558 858 606 quoque,
887 540 995 604 qui,
1025 539 1063 586 si
1092 538 1206 586 vivo
1236 546 1439 603 parente
1467 537 1568 584 nati
1597 544 1785 595 essent,
1813 536 1861 582 in
1890 553 1973 600 po-

137 634 312 677 testate
340 629 443 692 ejus
470 625 617 673 futuri
654 624 837 683 forent,
880 623 949 670 sui
990 620 1195 669 heredes
1235 628 1362 669 sunt.
1392 660 1399 668 .
1431 659 1439 669 .
1470 658 1477 668 .
1508 619 1633 668 Cum
1663 618 1786 667 filius
1815 618 1976 666 filiave

138 720 185 759 et
211 729 270 760 ex
297 711 450 759 altero
480 709 578 756 filio
604 714 810 772 nepotes
839 712 1075 770 neptesve
1116 711 1310 761 extant,
1353 704 1538 769 pariter
1565 702 1625 751 ad
1657 701 1978 751 hereditatem

138 801 400 851 vocantur,
440 808 554 839 nec
605 791 710 855 qui
761 787 964 852 gradu
1016 787 1380 852 proximior
1419 796 1539 844 est,
1593 785 1976 834 alteriorem

136 874 444 926 excludit.
474 912 482 922 .
512 913 520 923 .
550 912 558 922 .
589 874 702 921 Pari
743 873 930 922 ratione
972 878 1019 919 et
1060 870 1097 918 si
1126 886 1283 935 nepos
1324 870 1549 935 neptisve
1586 870 1647 917 sit
1687 886 1712 917 e
1753 867 1851 917 filio
1879 875 1927 917 et
1952 884 1977 915 e

135 965 313 1025 nepote
342 974 590 1024 pronepos
618 956 967 1022 proneptisve,
1008 954 1150 1002 simul
1179 940 1348 1001 Omnes
1376 960 1615 1002 vocantur
1642 953 1704 1002 ad
1733 951 1976 1001 heredita-

134 1051 243 1090 tem.
272 1081 281 1089 .
310 1080 319 1090 .
349 1080 358 1090 .
387 1042 450 1090 Et
477 1041 779 1089 conveniens
807 1055 913 1086 esse
942 1038 1100 1085 visum
1128 1044 1230 1097 est,
1260 1054 1359 1084 non
1387 1037 1435 1083 in
1463 1036 1652 1100 capita,
1679 1035 1764 1084 sed
1791 1037 1840 1084 in
1867 1036 1975 1084 stir-

133 1142 221 1191 pes
249 1125 570 1174 hereditatem
598 1122 775 1183 dividi,
819 1123 887 1170 ita
926 1129 978 1168 ut
1007 1120 1134 1168 filius
1162 1128 1355 1185 partem
1397 1119 1649 1169 dimidiam
1692 1119 1978 1169 hereditatis

133 1207 258 1258 ferat
284 1216 332 1256 et
347 1226 405 1258 ex
432 1206 585 1256 altero
614 1206 713 1254 filio
742 1205 839 1253 duo
869 1204 1099 1269 pluresve
1127 1211 1332 1269 nepotes
1360 1203 1565 1252 alteram
1593 1202 1856 1252 dimidiam.
1887 1241 1895 1250 .
1928 1241 1936 1250 .
1967 1242 1974 1251 .

134 1291 185 1340 Si
215 1291 376 1340 nullus
403 1292 464 1339 sit
489 1307 688 1339 suorum
717 1287 978 1347 heredum,
1021 1297 1136 1334 tunc
1175 1286 1423 1336 hereditas
1463 1286 1675 1352 pertinet
1715 1304 1774 1336 ex
1803 1285 1974 1335 eadem

134 1375 242 1438 lege
282 1375 391 1423 XII.
419 1373 693 1423 tabularum
733 1371 794 1419 ad
834 1370 1089 1434 adgnatos.
1119 1408 1125 1417 .
1157 1408 1164 1417 .
1193 1409 1202 1417 .
1233 1371 1344 1419 Non
1387 1378 1552 1419 tamen
1580 1370 1808 1419 omnibus
1835 1370 1978 1418 simul

133 1458 327 1521 agnatis
366 1457 448 1505 dat
486 1457 565 1505 lex
605 1456 716 1506 XII.
746 1453 1027 1504 tabularum
1069 1452 1423 1515 hereditatem,
1463 1453 1549 1502 sed
1579 1453 1679 1515 his,
1725 1455 1806 1517 qui
1834 1462 1976 1514 tunc,

131 1557 242 1589 cum
269 1548 457 1589 certum
486 1548 558 1589 est
585 1539 1051 1605 aliquembintestato
1078 1536 1372 1597 decessisse,
1410 1538 1634 1603 proximo
1663 1537 1819 1600 gradu
1849 1545 1976 1585 sunt.

134 1623 309 1688 (Graji
338 1625 550 1673 Instit.
577 1624 666 1685 III,
698 1622 911 1682 1w-11.)

900 1760 998 1814 Ad
1029 1760 1218 1813 1393.

275 1887 507 1936 Suidas
546 1906 581 1935 3.
611 1906 654 1936 v.
689 1882 1028 1932 'Ave-nidmu.-
1068 1884 1118 1933 si
1159 1886 1239 1948 qui
1280 1886 1384 1933 sine
1425 1892 1718 1934 testamento
1756 1884 1975 1933 decesse-

133 1979 268 2030 rant,
296 1988 462 2019 eorum
489 1970 812 2020 hereditatem
840 1969 951 2032 lege
992 1968 1083 2017 sibi
1120 1967 1370 2016 vindicare
1401 1976 1631 2034 poterant
1656 1984 1837 2030 genere
1867 1984 1974 2032 pro-

133 2056 262 2104 ximi.
291 2055 627 2119 Quaecunque
654 2062 818 2102 tamen
847 2053 954 2116 quis
981 2059 1033 2100 ut
1063 2052 1188 2100 filius
1212 2059 1296 2100 aut
1323 2069 1480 2117 nepos
1508 2052 1721 2102 defuncti
1749 2051 1841 2100 sibi
1871 2051 1975 2098 vin-

133 2137 351 2199 dicabat,
382 2157 440 2187 ea
467 2137 774 2187 vocabantur
801 2132 1075 2182 ἀνεπίδικα
1105 2136 1569 2195 (incontestabilia).

276 2234 449 2283 Idem
487 2253 523 2283 3.
554 2254 596 2282 v.
639 2229 844 2280 ἐπίδικοι
863 2251 876 2277 .·
917 2233 1056 2293 Quae
1093 2233 1200 2297 quis·
1228 2233 1320 2281 sibi
1348 2231 1632 2281 vindicabat
1659 2238 1861 2298 propter
1887 2247 1969 2294 ge-

134 2318 263 2366 neris
290 2319 736 2383 propinguitatem,
776 2317 815 2363 si
843 2315 1102 2364 defunctus
1129 2333 1220 2363 nec
1250 2314 1356 2363 filiis
1385 2332 1476 2363 nec
1503 2316 1766 2380 nepotibus
1794 2315 1973 2363 relictis

134 2418 223 2450 nec
250 2408 544 2449 testamento
583 2399 789 2450 condito,
820 2398 1132 2457 decessisset,
1174 2416 1230 2446 ca
1265 2399 1570 2447 vocabantur
1598 2395 1803 2444 ἐπίδικοι
1831 2400 1972 2457 (con-

134 2483 420 2545 testabilia).

275 2579 570 2645 Hujusmodi
610 2577 904 2644 disceptatio
917 2631 923 2641 Α,
937 2576 1206 2625 vocabatur
1232 2571 1571 2639 ἀμφισβητεῖν
1598 2584 1645 2625 et
1672 2593 1971 2639 παρακατα-

134 2660 371 2723 βάλλειν,
413 2672 465 2712 ut
491 2663 671 2712 docent
698 2661 1025 2726 Harpocratio
1054 2667 1102 2710 et
1127 2660 1305 2710 Suidas
1332 2661 1423 2710 sub
1452 2660 1525 2709 his
1554 2660 1743 2722 verbis,
1785 2668 1832 2710 et
1860 2660 1971 2709 Pol-

136 2743 217 2795 lux
245 2746 382 2809 VIII,
412 2748 492 2797 32.

897 2837 996 2891 Ad
1027 2838 1215 2892 1395.

281 2960 593 3028 Aristophan.
636 2962 769 3012 Aves
813 2962 1184 3009 1649-1650:
1226 2959 1327 3008 τῶν
1366 2956 1612 3024 πατρῴων
1651 2956 1763 3007 οὐδ’·
1804 2955 1972 3022 datam]

131 3043 329 3105 μέτεστί
358 3059 433 3089 σοι
462 3042 595 3092 κατὰ
623 3043 743 3100 τοῦς
773 3042 982 3107 νόμους·
1030 3042 1186 3097 νόθος
1214 3041 1309 3108 γάρ
1337 3041 1382 3090 εἶ
1406 3040 1505 3091 κού
1534 3041 1747 3110 γνήσιος.
1789 3044 1856 3105 (Ε
1884 3045 1966 3093 bo-

138 3130 212 3177 nis
239 3128 456 3193 paternis
483 3146 541 3177 ne
570 3130 719 3178 hilum
738 3129 931 3194 quidem
960 3129 1047 3177 tibi
1077 3129 1279 3176 obvenit
1304 3127 1573 3176 secundum
1600 3128 1759 3191 leges:
1786 3128 1988 3193 quippe·

137 3211 316 3261 nothus
344 3227 420 3271 es,
464 3227 561 3258 non
587 3213 874 3273 genuinus.)
1991 3214 1996 3219 ⁴

278 3305 530 3355 Demosth.
570 3306 675 3353 adv.
724 3308 920 3356 Macart.
975 3307 1137 3355 1067:
1202 3304 1362 3370 Νόθῳ
1393 3306 1518 3371 μηδὲ
1561 3303 1692 3368 νόθῃ
1727 3302 1798 3368 ,ιιὴ
1840 3303 1966 3353 εἶναι

137 3386 433 3456 ἀγχιστείαν
452 3384 579 3451 μήθ’
602 3381 758 3435 ὁσίων
785 3388 872 3437 ἀπ’
889 3387 1178 3437 Εὐκλὲίδου
1206 3384 1470 3454 ἄρχοντος.
1514 3390 1718 3457 (Spurio
1745 3398 1828 3440 aut
1854 3408 1966 3455 spu·
