2161 3673
885 266 1200 300 AREOPAGUS.
1890 246 1956 297 1¹7

1000 394 1079 442 56.

257 488 589 553 Areopagitae
626 503 730 535 rem
769 502 1016 534 sacrarum
1062 487 1283 535 olearum
1321 503 1618 551 unoquoque
1658 502 1826 534 mense
1868 501 1949 532 cu-

115 580 223 622 rent
258 573 377 638 ipsi,
422 572 729 635 inspectores
768 569 886 616 item
926 587 1116 618 annuos
1154 570 1356 618 mittant
1394 570 1455 618 ad
1494 571 1603 618 loca
1642 569 1789 617 sacris
1831 568 1952 615 oleis

114 657 314 705 consita.

997 726 1075 772 57.

245 815 327 867 ‘H
340 823 389 877 ἐξ
409 815 616 882 Ἀρείου
643 815 809 884 πάγου
835 814 995 880 βουλὴ
1024 819 1114 863 καὶ
1150 816 1253 865 τῶν
1279 812 1418 866 ὁδῶν
1443 820 1742 880 ἐπιμελεῖται
1764 853 1775 872 ,
1818 811 1951 869 ὅπως

107 925 176 967 μη
202 921 328 959 τινες
355 899 767 964 ἁνοικοδομῶοιν
796 897 952 956 αὐτάς
970 938 980 956 ,
1023 897 1053 958 ἢ
1080 898 1404 963 δρυφάκτους
1435 895 1804 963 ὑπερτείνωσιν.

892 986 1165 1045 (Heraclid.
1195 986 1254 1034 de
1283 986 1481 1051 rebusp,
1510 987 1546 1047 Ι,
1580 986 1657 1047 10,
1685 986 1807 1045 11.).

252 1189 460 1239 Senatus
486 1187 860 1253 Areopagiticus
889 1186 1036 1235 etiam
1062 1186 1167 1234 vias
1194 1194 1343 1246 curat,
1370 1202 1432 1233 ne
1462 1185 1568 1249 quis
1598 1203 1679 1233 eas
1709 1186 1946 1246 obstruat,

109 1291 235 1322 neve
263 1274 657 1339 praesepimenta
684 1271 879 1319 aedium
905 1270 1100 1334 longius
1129 1269 1377 1318 extendat.

251 1476 351 1520 Kal
393 1467 521 1519 ἄλλα
560 1468 842 1519 ἐπίθετά
880 1488 1021 1527 τινα,
1075 1462 1237 1517 ὁπόσα
1278 1468 1348 1532 μὴ
1398 1467 1577 1533 πάτρια
1618 1464 1771 1525 ὄντα,
1826 1461 1848 1525 ἦ
1897 1471 1947 1524 ἐξ

101 1554 312 1621 Ἀρείου
340 1555 508 1623 πάγου
534 1552 695 1619 βουλὴ
727 1552 932 1612 δικάζει.
1389 1555 1801 1620 (Harpocratio.)

249 1726 412 1774 Etiam
449 1724 508 1773 de
548 1724 654 1772 aliis
693 1720 988 1788 quibusdam
1041 1721 1316 1787 peregrinis
1358 1721 1618 1782 institutis,
1675 1721 1805 1786 quod
1846 1740 1946 1771 non

108 1808 205 1857 sint
231 1809 414 1874 patria,
455 1815 653 1856 senatus
680 1806 1057 1871 Areopagiticus
1077 1804 1281 1869 judicat.

243 2003 499 2072 εΗβουλή
540 2002 650 2067 ἢέν
681 2003 866 2070 Ἀρείῳ
907 2005 1052 2072 πάγῳ
1093 2008 1182 2052 καὶ
1224 2008 1331 2071 περὶ
1370 2005 1474 2053 τῶν
1512 2004 1660 2069 ἱερῶν
1698 2003 1945 2068 πρόνοιαν

109 2099 336 2141 ποιεῖται.
1014 2092 1294 2152 (Demosth.
1322 2092 1372 2138 in
1400 2092 1573 2139 Neaer.
1611 2091 1799 2149 ¹372).

250 2283 461 2333 Senatus
489 2275 866 2347 Areopagiticus
894 2288 941 2329 ct
967 2298 1215 2330 sacrorum
1241 2299 1407 2329 curam
1434 2282 1650 2346 suscipit.

255 2470 359 2530 Τὴν
385 2475 440 2519 ἐν
458 2468 644 2535 Ἀρείῳ
672 2470 816 2538 πάγῳ
844 2468 1039 2535 βουλήν
1068 2468 1195 2518 εἶναι
1225 2475 1283 2518 ἐκ
1310 2469 1415 2518 τῶν
1446 2474 1558 2516 κατ’
1587 2467 1823 2519 ἐνιαυτὸν
1850 2467 1941 2535 ἀρ-

100 2553 321 2618 χόντων.
576 2557 710 2617 (Lex
736 2556 933 2606 Solonis
961 2556 1094 2622 apud
1121 2556 1369 2605 Plutarch.
1397 2556 1447 2603 in
1477 2554 1642 2603 Solon.
1675 2555 1798 2615 19.).

248 2749 324 2798 Ex
349 2764 530 2797 novem
555 2748 871 2797 archontibus
898 2748 1223 2796 constituatur
1261 2747 1523 2811 quotannis
1563 2754 1761 2795 senatus
1788 2745 1940 2798 Areo-

106 2831 363 2899 pagiticus.

251 2981 326 3033 Οὐ
367 2981 553 3039 παντὸς
592 2980 774 3048 ἀνδρός
812 2987 947 3031 ἐστιν
985 2985 1054 3039 εἰς
1091 2980 1185 3041 τὴν
1222 2986 1272 3039 ἐξ
1306 2978 1512 3044 ,Αρείου
1551 2980 1717 3049 πάγου
1742 2980 1939 3046 βουλὴν

103 3070 288 3116 τελεῖν·
342 3064 451 3114 ἀλλ’
492 3067 539 3114 οἱ
577 3065 915 3130 πρωτεύοντες
955 3068 1011 3114 ἔν
1057 3085 1108 3112 τε
1146 3067 1274 3131 γένει
1314 3068 1402 3111 καὶ
1443 3063 1646 3129 πλούτῳ
1693 3069 1782 3112 καὶ
1833 3066 1934 3128 βίῳ

98 3150 315 3214 Χρηστῷ·
985 3222 1042 3269 61
1127 3149 1439 3210 (Philochori
1466 3150 1640 3214 fragm.
1673 3151 1793 3210 58.)

246 3306 357 3356 Non
396 3306 595 3355 cuilibet
634 3305 843 3355 liberum
880 3313 954 3354 est
992 3305 1043 3353 in
1069 3302 1319 3367 Areopagi
1360 3312 1585 3352 sonatum
1612 3305 1807 3356 venire,
1848 3302 1932 3351 sed

106 3389 162 3438 iis
189 3397 404 3452 tantum,
434 3391 516 3454 qui
542 3389 824 3452 nobilitate,
854 3389 1035 3437 divitiis
1061 3387 1287 3452 vitaeque
1315 3389 1564 3452 probitate
1591 3389 1853 3437 excellunt.

1623 3471 1649 3510 2
