2161 3673
643 284 1060 317 MAGISTRATUUM
1086 285 1305 318 GENERA.
1827 269 1892 316 95

915 411 1030 459 382.

199 506 445 572 Suffragio
473 505 624 555 creati
657 512 740 554 aut
780 506 921 554 electi
959 508 1276 572 magistratus
1316 508 1440 556 fiunt
1478 523 1551 554 ex
1590 505 1806 554 omnib
1823 524 1892 554 us

55 590 175 642 Ath
192 608 215 639 e
231 591 331 639 nie
347 590 490 638 nsib
507 607 602 650 us,
641 596 695 637 ut
722 589 841 637 belli
869 589 1043 652 duces,
1073 591 1289 656 equitum
1315 590 1562 653 magistri,
1592 589 1888 649 navarchae,

53 675 228 740 legati,
255 673 324 721 rei
350 673 702 721 frumentariae
730 679 949 730 curator,
989 674 1337 737 mysteriorum
1370 680 1645 732 curatores,
1686 671 1892 720 sacrifici

54 757 448 806 venerandarum
476 755 705 815 dearum,
737 756 956 820 exceptis
986 756 1213 805 ordinum
1241 755 1447 804 ducibus
1475 763 1522 805 et
1547 755 1771 805 tribunis.

912 863 1028 911 383.

196 959 297 1003 Καὶ
326 952 587 1003 ἀνάπαλιν
615 956 661 1003 οἱ
688 959 738 1014 ἐξ
767 949 1011 1003 ἁπάντων
1041 953 1345 1014 Ἀθηναίων
1382 950 1623 1018 ἄρχοντές
1657 956 1786 1003 εἰσιν
1812 955 1891 1002 αὶ-

54 1042 189 1103 ρετοί
217 1036 649 1102 ἢχειροτονητοί,
692 1036 807 1088 οἷον
839 1033 867 1088 ὁ
897 1042 976 1087 ἐπὶ
1004 1039 1085 1098 τῆς
1113 1039 1430 1099 διοικήσεως,
1466 1036 1807 1105 ἀντιγρατρεύς
1832 1058 1891 1102 τῃ

53 1120 220 1180 πόλει,
261 1124 307 1170 οἱ
335 1126 413 1171 ἐπὶ
439 1120 498 1171 τὸ
528 1121 814 1185 θεωρικὸν,
857 1117 884 1171 ὁ
913 1121 1132 1186 βοώνης,
1174 1125 1220 1171 οἱ
1262 1126 1519 1189 ουλλογεῖς
1557 1125 1645 1169 καὶ
1677 1106 1888 1181 ζητηταί.

195 1208 400 1268 (Pollux
427 1208 562 1269 VIII,
600 1208 710 1256 113.
757 1208 987 1257 Aeschin.
1016 1209 1066 1256 in
1094 1208 1312 1273 Ctesiph.
1343 1205 1385 1271 ξ.
1414 1208 1495 1256 25.
1538 1208 1654 1256 Lex.
1684 1206 1890 1272 Seguer.

568 1309 611 1355 p.
641 1292 756 1340 219.
787 1291 902 1339 304.
942 1290 1195 1339 Demosth.
1224 1308 1262 1339 c.
1293 1291 1557 1340 Timocrat.
1587 1290 1748 1350 304.).

910 1396 1026 1444 383.

192 1493 255 1541 Et
294 1493 487 1541 inverse
526 1492 872 1556 magistratus,
916 1492 998 1556 qui
1038 1508 1097 1540 ex
1137 1491 1365 1540 omnibus
1394 1491 1780 1542 Atheniensibus
1815 1511 1891 1542 su-

52 1584 275 1636 muntur,
314 1583 426 1624 sunt
464 1576 698 1641 suffragio
734 1577 884 1625 creati
917 1576 996 1625 vel
1026 1576 1195 1636 electi,
1240 1583 1293 1623 ut
1320 1577 1636 1625 oeconomiae
1665 1577 1889 1642 publicae

51 1676 277 1726 praeses,
319 1660 737 1710 contrarotulator
776 1666 1001 1719 senatus,
1048 1659 1291 1724 pecuniae
1334 1659 1588 1709 theatralis
1627 1660 1890 1725 praefecti,

52 1743 201 1792 boum
227 1750 409 1804 emtor,
450 1744 739 1794 collectores
768 1751 815 1792 et
841 1743 1158 1809 quaesitores.

912 1851 1028 1900 384.

194 1946 259 1993 Αἱ
288 1943 338 1993 δὲ
365 1948 617 2009 κληρωταὶ
652 1943 807 2009 ἀρχαί
843 1948 937 1994 εἰσι
976 1948 1129 1993 καθ’
1169 1942 1457 2002 ἑκάστην
1495 1941 1734 2005 φυλήν,
1776 1940 1890 1992 οἷον

55 2029 103 2076 οἱ
141 2031 285 2077 ἐννέα
325 2025 594 2092 ἄρχοντες,
633 2031 936 2092 βουλευταὶ,
985 2024 1236 2086 εὔθυνοι,
1277 2031 1537 2096 λογισταί,
1579 2026 1886 2084 ἀποδέκται,

56 2108 368 2170 ἀθλοθέται,
404 2115 690 2175 ἐπιμεληταὶ
728 2114 1004 2175 ἐμπορίου,
1046 2109 1394 2179 ἀγορανόμοι,
1431 2108 1769 2175 μετρονόιιοι,
1810 2129 1887 2159 οι-

55 2193 372 2256 τοφύλακες,
413 2194 717 2259 πράκτορες,
757 2198 1011 2262 ἐκλογεῑς,
1054 2193 1380 2262 ἀντιγραφάς
1407 2193 1764 2257 (διοικήσεως),
1798 2214 1887 2243 τα-

53 2279 164 2325 ιιίαι
191 2279 273 2336 τῆς
302 2278 457 2337 θεοῦ,
497 2280 675 2342 ταμίαι
702 2277 805 2326 τῶν
832 2277 997 2336 θεῶν,
1038 2279 1298 2342 ἱεροποιοί.

197 2364 400 2429 (Lysias
427 2383 516 2431 pro
542 2366 692 2414 inval.
726 2363 768 2431 ξ.
800 2365 878 2413 13.
931 2364 1176 2414 Plutarch.
1210 2363 1377 2413 Solon.
1412 2364 1486 2412 19.
1539 2363 1886 2429 Harpocratio:

194 2440 429 2496 εὕθυνοι.
468 2445 628 2498 Schol.
656 2449 708 2497 in
730 2447 959 2497 Aeschin.
987 2447 1207 2514 Csetiph.
1243 2448 1322 2495 15.
1363 2447 1541 2496 Pollux
1556 2446 1692 2507 VIII,
1708 2446 1789 2494 86.
1808 2446 1888 2494 97.

194 2531 359 2580 Lexic.
387 2530 588 2596 Seguer.
615 2550 662 2597 p.
694 2531 807 2591 190,
838 2531 953 2593 198,
984 2531 1101 2591 255,
1149 2531 1265 2591 267,
1295 2530 1410 2591 278,
1440 2530 1555 2590 300,
1584 2530 1700 2590 301,
1728 2529 1887 2588 306.).

907 2639 1024 2687 384.

195 2721 336 2771 Sorte
366 2724 514 2772 creati
541 2723 859 2787 magistratus
886 2730 1051 2771 autem
1080 2728 1340 2771 sumuntur
1365 2721 1600 2783 tributim,
1629 2729 1682 2770 ut
1708 2739 1885 2770 novem

51 2803 333 2867 archontes,
362 2815 644 2868 senatores,
674 2807 900 2872 euthyni,
936 2806 1171 2871 logistae,
1213 2814 1519 2869 receptores,
1562 2807 1884 2855 certaminum

50 2889 247 2951 arbitri,
277 2890 482 2955 emporii
508 2898 784 2950 curatores,
818 2889 909 2939 fori
937 2897 1215 2949 curatores,
1256 2904 1597 2936 mensurarum
1622 2889 1883 2954 praefecti,

49 2972 281 3035 frumenti
309 2972 551 3033 custodes,
579 2981 846 3035 exactores,
875 2980 1141 3033 coactoreS,
1169 2971 1633 3021 contrarotulatores
1648 2974 1882 3032 (oecono-

48 3055 175 3104 miae
192 3054 467 3121 publicae),
496 3065 777 3122 quaestores
805 3058 1073 3117 Minervae,
1105 3062 1388 3120 quaestores
1415 3054 1631 3115 deorum,
1660 3055 1882 3104 sacrifici.

909 3165 1024 3212 385.

192 3260 290 3304 Kal
319 3254 577 3306 ἀνάπαλιν
604 3259 649 3305 οἱ
678 3256 808 3305 κατὰ
838 3256 1009 3319 φυλὴν
1036 3251 1277 3317 ἄρχοντές
1310 3255 1403 3301 εἰσι
1442 3257 1724 3319 κληρωτοί,
1768 3251 1882 3302 οἷον

53 3338 99 3383 οἱ
127 3343 373 3398 πωληταί,
415 3343 782 3402 σωφρονισταί·
823 3339 952 3398 πλὴν
990 3338 1092 3386 τῶν
1130 3335 1408 3399 φυλάρχων
1445 3341 1537 3385 καὶ
1577 3337 1876 3401 ταξιάρχων.

863 3424 1014 3485 (Vide
1042 3419 1118 3488 §§.
1149 3423 1263 3471 254.
1292 3423 1405 3471 341.
1436 3423 1552 3471 347.
1580 3423 1738 3482 374).
