2161 3673
608 230 674 263 DE
698 229 989 272 mommms.
1015 240 1060 248 -
1084 229 1150 262 DE
1174 228 1495 262 mummium.
1910 208 1971 256 11

1022 356 1105 406 29.

280 440 511 510 Inquilini
539 440 748 508 scaphas
774 441 824 490 in
850 441 1046 509 pompis
1081 441 1268 503 ferant3
1306 456 1476 490 eorum
1514 437 1642 488 filiae
1683 442 1845 486 autem
1886 435 1975 500 hy-

139 527 267 577 drias
295 534 343 575 et
368 525 623 575 umbellas,
1021 597 1089 645 30

286 683 402 737 Τοῖς
422 682 684 743 μετοίκοις
705 676 776 743 μὴ
800 674 1134 741 μεταδιδόναι
1163 679 1258 727 τοῦ
1282 678 1515 727 ἱππικοῦ.

825 764 893 826 (Ε
922 764 1256 832 Xenophonte
1284 764 1344 815 de
1372 764 1622 816 reditibus,
1653 764 1715 825 ΙΙ,
1747 763 1833 822 5.).

283 955 410 1006 Cum
435 954 685 1022 inquilinis
711 972 772 1004 ne
801 956 1191 1006 communicetur
1218 956 1286 1005 rei
1314 955 1554 1022 equestris
1581 971 1710 1005 usus.

1022 1061 1104 1110 31.

284 1145 344 1192 Οἱ
372 1140 472 1191 ἀπὸ
500 1142 592 1191 τοῦ
614 1149 879 1206 μετοικεῖν
905 1140 1039 1190 κατά
1078 1159 1191 1191 τινα
1232 1138 1381 1204 τιμὴν
1421 1140 1552 1205 παρὰ
1581 1141 1675 1190 τοῦ
1701 1140 1867 1205 δήμου
1893 1160 1979 1209 γε·

140 1231 357 1291 νομένην
394 1225 527 1274 κατά
568 1224 809 1292 ψήφισμα
844 1227 1246 1290 μεταβαίνοντες
1284 1227 1354 1281 εἰς
1394 1221 1450 1272 τὸ
1490 1225 1593 1276 τῶν
1632 1223 1981 1289 δημοποιήτων

140 1309 375 1368 δίκαιον,
418 1312 746 1365 ἰσοτελεῖς
785 1307 1158 1373 ὀναμάζονται·
1194 1312 1389 1376 γίνεται
1419 1307 1468 1356 δὲ
1498 1308 1651 1357 τοῦτο
1678 1316 1781 1366 τοῖς
1802 1313 1979 1373 μετοί-

139 1414 250 1451 κοις
276 1388 379 1445 ὑπὸ
407 1391 490 1453 τῆς
519 1391 730 1451 πόλεως,
761 1390 841 1443 ὅτε
871 1392 1124 1442 δοκοῦσιν
1150 1387 1209 1442 εὖ
1236 1397 1561 1452 πεποιηκέναι
1588 1390 1646 1441 τὸ
1673 1391 1870 1446 κοινόν.

1022 1552 1084 1599 31
1270 1478 1502 1540 (Suidasz
1544 1480 1837 1540 ἰσοτελεῖς.),

279 1635 530 1701 Inqussini,
558 1635 639 1701 qui
666 1635 869 1684 honoris
897 1653 1045 1685 causa
1073 1653 1133 1685 ex
1161 1635 1360 1685 decreto
1387 1636 1561 1701 populi
1587 1636 1639 1685 in
1667 1653 1838 1684 eorum
1864 1651 1980 1683 con-

137 1720 373 1768 ditionem
410 1719 739 1780 asciscuntur,
781 1719 863 1784 qui
904 1719 1101 1768 civitate
1142 1719 1311 1769 donati
1351 1727 1492 1781 sunt,
1534 1726 1775 1768 vocantur
1815 1719 1980 1764 ἰσοτε-

137 1804 248 1856 λεῖς.
300 1803 409 1852 Hoc
435 1810 600 1852 autem
625 1803 813 1853 honore
854 1810 970 1853 tunc
1011 1810 1275 1865 ornantur,
1318 1821 1430 1853 cum
1470 1803 1529 1853 de
1569 1804 1827 1871 republica
1852 1804 1979 1853 bene

137 1886 374 1936 meruisse
401 1887 674 1936 videantur.

274 2038 562 2098 Ἰσοτελεῖς,
585 2044 817 2104 μέτοικοι
847 2039 906 2089 τὰ
929 2042 1027 2105 μὲν
1053 2039 1230 2100 ξενικοὶ
1259 2044 1368 2101 τέλη
1402 2039 1472 2105 μὴ
1515 2041 1799 2100 τελοῦντες,
1842 2039 1901 2089 τά
1932 2040 1979 2089 δὲ

140 2123 223 2172 ἴσα
251 2131 353 2182 τοῖς
381 2122 549 2181 ἀστοῖς
576 2123 851 2183 τελοῦντες

935 2210 1185 2270 (Bekker:
1228 2209 1412 2261 Anecd.
1440 2229 1511 2276 gr.
1541 2213 1576 2261 Ι.
1605 2230 1651 2278 p.
1681 2211 1839 2269 267.)

1023 2318 1105 2366 32.

273 2397 536 2456 ’[σοτελεῖς
564 2409 678 2450 sunt
702 2401 955 2468 inquilini,
994 2403 1076 2468 qui
1117 2420 1217 2451 non
1245 2402 1469 2468 pendunt
1499 2403 1874 2468 peregrinorum
1901 2400 1981 2448 tri-

140 2484 284 2546 buta,
314 2485 400 2535 sed
427 2486 567 2552 paria
592 2503 706 2535 cum
731 2485 921 2535 civibus
950 2486 1136 2536 tributa
1163 2486 1376 2536 solvunt.

926 2688 1106 2751 Τμῆμα
1146 2687 1200 2755 γ’.

840 2800 1006 2860 Περὶ
1059 2801 1277 2855 ξένων.

940 2965 1103 3014 Sectio
1145 2965 1189 3013 3.

720 3074 820 3122 De
897 3072 1398 3140 peregrinis.

1028 3192 1107 3239 33.

289 3282 363 3333 Οὐ
388 3283 486 3350 χρὴ
519 3290 667 3345 ξένον
694 3284 795 3334 τῶν
822 3284 1106 3344 ἐκκλησιῶν
1128 3287 1361 3347 μετέχειν
1388 3282 1715 3352 ἆγορέυοντα.

1225 3370 1450 3431 (Libanii
1478 3371 1683 3420 declam.
1713 3373 1836 3431 28.)
