2114 3642
639 216 1045 248 σολιΜΕΝΤᾹΜΠΞ
1073 216 1140 247 Ab
1172 215 1250 249 126.
1283 215 1361 249 128.
1393 216 1473 250 130.
1505 217 1583 251 131.
1922 205 2022 253 433

186 361 311 409 quae
338 344 661 394 continebant
687 361 818 402 rem,
862 344 920 392 de
961 361 1056 408 qua
1097 344 1381 394 deliberatio
1422 353 1548 395 esset
1575 353 1622 393 et
1650 346 1711 394 ob
1741 365 1884 412 quam
1911 367 2022 397 eon-

183 429 546 490 grcgabantur‚
589 434 637 475 et
670 426 1021 491 proponebant
1055 444 1136 475 cas
1163 435 1275 476 ante
1305 429 1618 483 concionem,
1663 438 1712 478 ut
1741 448 1909 479 omnes
1936 434 2024 480 sci-

185 519 320 572 rent,
349 511 409 559 de
438 529 535 575 qua
560 527 610 559 re
640 510 700 559 sit
728 510 889 559 futura
917 511 1132 569 concio.)

967 650 1067 702 Ad
1104 650 1245 702 126.

328 759 502 809 Suidas
542 778 577 808 s.
611 778 655 808 v.
684 764 914 820 σημεῖονε
957 759 1082 808 Cum
1121 761 1316 807 comitia
1356 760 1584 810 habenda
1623 770 1785 822 erant,
1827 763 2024 826 signnm

182 844 569 909 proponebatur.
622 842 856 892 Similiter
893 843 1042 907 igitur
1070 860 1181 891 cuni
1209 851 1256 891 et
1282 844 1511 892 mulieres
1538 846 1587 893 in
1617 846 2023 912 Thesniopboriis

181 927 375 975 comitia
402 926 660 976 habiturae
690 934 855 987 erant,
896 928 1092 991 signum
1125 929 1433 993 propositum
1475 937 1559 977 est.
1618 927 1800 978 Alludit
1829 930 1888 979 ad
1918 928 2028 979 Ari-

180 1010 433 1075 stophanis
461 1011 998 1076 Thesmophoriazusas
1028 1012 1352 1071 (277--278.
1381 1014 1480 1072 v.):

307 1087 559 1141 ’Ἑσπευδε
585 1096 799 1155 ταχέως’
830 1088 896 1148 ὦς
923 1090 980 1141 τὸ
1009 1092 1094 1152 τῆς
1121 1095 1394 1152 ἐκκλησίας
1422 1101 1631 1157 σηιιιεῖοι]
1657 1099 1711 1143 ἐν
1746 1095 1812 1159 τῷ
1834 1100 2027 1160 Θεσμο-

180 1178 346 1241 φορίῳ
385 1179 634 1237 φαίνεται.
701 1179 949 1243 (Propera
987 1178 1240 1240 celeriter;
1291 1196 1405 1227 nam
1446 1179 1695 1229 concionis
1740 1181 1937 1245 signum
1976 1184 2025 1236 in

180 1262 576 1328 Thesmophorio
604 1264 855 1328 apparet.)

964 1342 1064 1395 Ad
1100 1344 1243 1397 128.

323 1452 744 1519 Aristophan.
785 1453 1057 1503 Acharn.
1101 1453 1321 1501 17—-22,
1351 1473 1394 1503 v.
1451 1455 1526 1504 Ex
1567 1473 1663 1520 quo
1698 1473 1774 1504 me
1804 1457 2026 1506 sordibus

174 1537 375 1602 purgari
398 1554 515 1585 curo
532 1537 716 1601 (inquit
731 1536 1087 1602 Dicaeopolis),
1119 1555 1372 1602 nunquam
1401 1538 1665 1603 supercilia
1692 1557 1803 1589 mea
1829 1541 1897 1590 sic
1925 1559 2023 1590 mo-

174 1620 356 1668 mordit
380 1619 628 1677 lixivium,
670 1628 723 1668 ut
749 1636 906 1680 nunc,
948 1637 1099 1684 quum
1126 1628 1347 1685 tempore
1379 1621 1630 1684 legitimae
1660 1624 1916 1673 concionis
1944 1626 2023 1674 de-

174 1710 306 1753 serta
333 1710 406 1752 est
431 1703 590 1768 Pnyx.
645 1702 708 1753 At
734 1703 803 1752 illi
831 1704 1215 1752 confabulantur
1242 1704 1291 1751 in
1319 1705 1452 1766 foro,
1496 1714 1543 1754 et
1570 1724 1765 1755 sursum
1793 1707 2023 1758 deorsum

174 1787 391 1851 fugitant
428 1787 695 1836 rubrica
743 1788 1024 1836 tinctum
1070 1788 1134 1837 fu
1150 1805 1288 1837 nem
1340 1785 1422 1850 (τὸ
1466 1790 1705 1849 σχοινίον
1746 1786 1804 1837 τὸ
1838 1794 2022 1854 μεμιλ-

173 1873 436 1932 τωμένον).

315 1952 491 2002 Suidas
519 1971 554 2001 s.
583 1972 626 2002 v.
649 1954 854 2014 μίλτος;
895 1952 1225 2004 Athenienses
1252 1957 1301 2004 in
1331 1958 1624 2007 concionem
1650 1960 2018 2025 compelleban-

172 2044 249 2086 tur
278 2036 395 2086 fune
424 2037 650 2097 miniato,
693 2055 788 2102 quo
817 2037 977 2087 forum
1005 2038 1413 2089 circumdabatur.

958 2179 1056 2232 Ad
1092 2180 1234 2233 130.

313 2288 545 2338 Pollux
575 2289 711 2349 VIII,
744 2290 868 2337 104:
910 2291 1223 2341 Peristiarchi
1251 2294 1480 2357 porcellis
1508 2294 1783 2343 minoribus
1811 2295 2017 2360 expiant

168 2372 456 2421 concionem
485 2379 533 2420 et
559 2372 814 2422 theatrum.
865 2374 1113 2423 Lustratio
1152 2383 1315 2425 autem
1354 2376 1476 2424 hacc
1520 2378 1768 2442 porcellus
1810 2381 2014 2441 (χοιρί-

171 2452 309 2515 διον)
340 2455 607 2505 dicebatur.

311 2539 415 2588 Sui
434 2540 543 2588 das
570 2559 605 2589 s.
635 2561 678 2590 v.
709 2543 1105 2604 Περιστίαρχοςε
1147 2545 1242 2604 Qui
1271 2545 1497 2603 domum,
1542 2546 1832 2594 concionem
1860 2555 1907 2595 et
1936 2565 2012 2596 ur-

166 2624 280 2673 bem
307 2624 494 2672 lustrat.
548 2624 623 2673 Ab
652 2626 790 2670 ἑστία
819 2627 896 2674 vel
924 2644 951 2674 a
978 2627 1337 2687 περιεῖτε-έχων,
1379 2628 1426 2675 id
1457 2636 1554 2686 cst,
1593 2647 1620 2676 a
1650 2629 2010 2679 circumeundo.

166 2709 293 2757 Ister
319 2714 483 2755 autem
509 2708 558 2755 in
588 2706 831 2758 Atticis
866 2710 982 2758 dicit
1007 2710 1230 2759 victimas
1258 2709 1481 2759 lustrales
1509 2711 1749 2775 appellari
1768 2714 2008 2775 περίστια,

165 2807 346 2856 eosque
386 2791 466 2855 qui
506 2792 691 2855 templa
730 2792 1003 2841 lustrabant
1053 2791 1445 2855 περιστιάρχους.
1517 2795 1838 2845 Extrinsecus
1879 2799 2009 2847 enirn

164 2873 514 2935 circumibant,
569 2891 864 2940 unoquoque
918 2876 1226 2926 sacerdotum
1273 2879 1543 2942 porcellum
1586 2879 1804 2941 ferente,
1861 2883 2007 2931 aedes

164 2956 385 3022 publicas
413 2958 771 3007 circumeuntes
798 2967 845 3007 et
872 2961 1110 3009 ambitum
1137 2968 1353 3025 agentes.
1386 2989 1441 2994 ν
1479 2962 1604 3010 Item
1641 2963 2005 3028 peristiarclius‚

165 3041 247 3104 qui
273 3040 323 3089 in
350 3041 589 3089 concione
617 3040 989 3091 lustrationibus
1017 3051 1226 3108 praeest.

958 3183 1056 3235 Ad
1093 3183 1221 3235 131.

308 3289 502 3339 Bekker
530 3290 714 3339 Anecd.
742 3309 814 3354 gr.
843 3294 879 3353 Ι,
908 3312 954 3358 p.
985 3293 1108 3339 290:
1140 3290 1472 3355 Πρόεόροι
1503 3335 1511 3344 .
1543 3335 1551 3345 .
1582 3336 1590 3346 .
1621 3336 1629 3346 .
1663 3294 1997 3358 κληρούμενοι

163 3364 266 3418 ὑπὸ
306 3369 407 3419 τῶν
445 3371 739 3437 πρυτάνεων
778 3376 904 3421 καθ’
934 3372 1152 3432 ἑκάστην
1191 3378 1470 3434 ἐκκλησίαν
1510 3382 1560 3436 ἐξ
1592 3378 1798 3437 ἑκάστης
1826 3379 1999 3439 φυλῆς.

1660 3462 1715 3504 28
