2114 3642
812 313 1145 348 ELEUTHERIA.
1782 299 1882 346 325

54 434 397 503 ὖποδέχονται
441 446 544 496 τοῖς
583 439 788 488 πεσοῦσι
829 443 919 487 καὶ
961 445 1210 504 κειμένοις
1255 437 1444 490 αὐτόθι
1481 438 1583 487 τῶν
1624 434 1884 498 εΕλλήνων

55 526 306 591 ἐναγίζειν
331 527 458 572 καθ’
486 528 706 572 ἕκαστον
733 522 985 580 ἐνιαυτόν,
1025 524 1215 572 τοῦτον
1239 522 1333 572 τὸν
1362 522 1577 588 τρόπον·
1617 522 1713 571 τοῦ
1736 527 1884 572 Μαι-

49 606 399 671 ιιακτηριῶνος
431 604 615 671 μηνὸς,
670 602 724 661 ο’ς
762 609 861 653 ἐστι
905 604 1036 669 παρά
1079 609 1322 663 Βοιωτοῖς
1354 604 1778 671 Ἀλαλκομένιος,
1823 604 1882 668 τῇ

53 694 173 752 ἕκτῃ
212 693 289 737 ἐπι
330 688 451 737 δέκα
493 693 739 753 πέμπουσι
779 686 1012 752 πομπήν,
1060 683 1113 748 ἧς
1152 697 1438 757 προηγεῖται
1471 692 1568 755 μὲν
1607 687 1691 753 α’μ’
1729 684 1882 754 ἦμέρᾳ

54 771 390 841 σαλπιγκτής,
443 772 830 840 εγκελευόμενος
880 771 937 820 τὸ
990 771 1301 837 πολεμικὸν,
1352 778 1558 823 ε’πονται
1611 771 1653 821 δ’
1694 770 1883 837 ἅμαξαι

46 859 289 921 μυρρίνης
309 861 486 920 μεσταί
514 860 603 904 καί
632 855 1058 920 στεφανωμάτων,
1099 859 1189 903 καὶ
1210 860 1362 919 μέλας
1389 857 1600 921 ταῦρος·
1640 860 1731 905 καὶ
1750 854 1884 920 χοάς

55 939 204 990 οἴνου
229 944 320 988 καὶ
347 938 599 1007 γάλακτος
625 944 680 989 ἐν
707 937 1052 1004 ἀμφορεῦσιν,
1093 942 1267 989 ἐλαίου
1301 961 1352 988 τε
1391 944 1480 988 καὶ
1515 939 1684 1005 μύρου
1718 957 1883 1005 κρωσ-

53 1021 172 1080 σους
198 1025 462 1072 νεανίσκοι
490 1026 790 1087 κομίζοντες
817 1022 1089 1087 ἐλεύθεροι.
1130 1022 1312 1088 Δούλῳ
1341 1021 1436 1090 γάρ
1479 1021 1688 1079 οὐδενὸς
1729 1025 1884 1083 ἔξεστι

54 1106 157 1155 τῶν
183 1110 291 1169 περὶ
316 1104 412 1165 τήν
438 1105 713 1155 διακονίαν
739 1110 943 1166 ἐκείνην
969 1105 1352 1171 προσάψασθαι,
1382 1105 1463 1155 διά
1491 1105 1547 1156 τὸ
1563 1105 1682 1164 τούς
1698 1102 1884 1173 ἄνδρας

56 1187 344 1238 ἀποθανεῖν
368 1184 493 1258 ὑπὲρ
521 1193 822 1253 ἐλευθερίας.
845 1187 961 1238 Ἐπὶ
989 1190 1107 1238 πᾶσι
1134 1189 1182 1238 δὲ
1205 1191 1308 1238 τῶν
1330 1193 1632 1239 Πλαταιέων
1649 1185 1675 1240 ό
1693 1186 1882 1255 ἄρχων,

54 1265 95 1337 ᾦ
127 1271 219 1322 τὸν
255 1269 417 1322 ἄλλον
445 1272 646 1337 χρόνον
684 1269 802 1322 οὔτε
842 1272 1045 1338 σιδήρου
1088 1278 1257 1341 θιγεῖν
1297 1275 1512 1333 ἔξεστιν,
1554 1270 1675 1324 οὗθ’
1716 1279 1884 1339 ἑτέραν

54 1356 244 1414 ἐσθῆτα
262 1394 274 1414 ,
315 1355 445 1415 πλὴν
471 1356 681 1415 λευκῆς,
723 1354 1034 1421 ἀναλαβεῖν,
1073 1355 1184 1405 τότε
1202 1356 1404 1419 χιτῶνα
1431 1359 1712 1418 φοινικοῦν
1742 1357 1884 1407 ἐνδε-

54 1437 246 1497 δυκώς,
287 1437 532 1504 ἀράμενός
558 1460 608 1488 τε
634 1434 821 1504 ὖδρίαν
849 1437 948 1488 ἀπὸ
978 1439 1069 1488 τοῦ
1109 1444 1643 1507 γραμματοφυλακίου
1680 1440 1885 1505 ξιφήρης

52 1526 132 1572 ἐπὶ
157 1521 277 1580 τούς
303 1521 496 1585 τάφους
522 1522 730 1591 προάγει
760 1522 840 1571 διά
863 1527 1010 1587 μέσης
1038 1523 1121 1582 τῆς
1148 1522 1347 1580 πόλεως.
1388 1522 1513 1572 Εἶτα
1550 1523 1725 1590 λαβὼν
1750 1522 1885 1590 ὕδωρ

53 1604 152 1655 ἀπὸ
179 1606 263 1669 τῆς
290 1608 498 1672 κρήνης,
540 1605 693 1663 αὐτὸς
722 1606 965 1656 ἀπολούει
994 1605 1080 1664 τάς
1107 1606 1283 1666 στήλας
1310 1612 1400 1656 καὶ
1421 1607 1569 1673 μύρῳ
1591 1610 1740 1673 χρίει.
1784 1612 1885 1656 Καὶ

52 1688 145 1739 τὸν
181 1690 375 1755 ταῦρον
413 1694 482 1747 εἰς
519 1689 611 1750 τήν
651 1689 816 1755 πυράν
858 1690 1077 1752 σφάξας,
1131 1694 1221 1739 καὶ
1258 1690 1634 1756 κατευξάμενος
1673 1695 1763 1740 Διῒ
1793 1696 1885 1740 καί

46 1770 205 1840 εΕρμῇ
238 1777 480 1839 χθονίῳ,
534 1777 817 1840 παρακαλεῖ
851 1771 971 1829 τους
1013 1771 1248 1841 ἀγαθούς
1287 1770 1476 1839 ἄνδρας
1503 1773 1624 1832 τούς
1650 1770 1773 1840 ὑπὲρ
1799 1775 1887 1835 τῆς

45 1854 291 1916 ςΕλλάδος
341 1856 701 1914 ἀποθανόντας
752 1861 831 1907 ἐπὶ
881 1855 939 1906 τὸ
994 1856 1200 1906 δεῖπνον
1254 1862 1345 1906 καὶ
1391 1856 1483 1917 τήν
1522 1861 1883 1924 αἱμακουρίαν.

41 1938 252 1991 ’Έπειτα
291 1942 513 2007 κρατῆρα
553 1938 767 2006 κεράσας
808 1941 958 1989 οἴνου
985 1943 1074 1988 καὶ
1094 1939 1374 2005 χεάμενος,
1414 1945 1650 2010 ἐπιλέγει·
1704 1947 1884 2007 „1190-

56 2029 184 2074 πίνω
222 2033 325 2083 τοῖς
364 2023 575 2090 ἀνδράσι
614 2033 717 2082 τοῖς
754 2019 880 2090 ’ὑπὲρ
918 2024 1003 2083 τῆς
1030 2027 1319 2090 ἐλευθερίας
1344 2022 1724 2085 τῶνἿῖλλήνων
1752 2025 1882 2075 ἀπο-

59 2109 330 2160 θανοῦσι.“
1102 2111 1375 2171 (Plutarch.
1404 2111 1600 2163 Aristid.
1630 2113 1742 2176 21.)

901 2196 1050 2244 1275.

197 2289 508 2342 Conveniam:
545 2292 805 2358 quotannis
844 2291 1149 2342 Graecorum
1184 2292 1360 2343 delecti
1385 2293 1447 2342 ad
1474 2292 1745 2360 speotalum
1770 2291 1883 2342 Pla<

56 2384 216 2439 taeas,
255 2375 493 2425 habeatur
533 2376 602 2425 ibi
640 2376 1003 2441 quinquennale
1039 2384 1287 2426 certamen
1313 2377 1731 2438 Eleutheriorum,
1773 2374 1881 2425 Pla·

57 2467 378 2524 taeensesque
406 2460 704 2508 sacrosancti
741 2459 1039 2520 habeantur,
1080 2459 1210 2523 quod
1236 2459 1268 2507 ii
1294 2477 1384 2525 pro
1413 2458 1619 2509 Graecia
1645 2459 1881 2509 sacrifiea-

58 2550 181 2591 rent.
232 2542 546 2590 Plataeenses
579 2549 742 2591 autem
781 2542 1050 2607 recipiunt,
1090 2560 1141 2591 se
1170 2541 1397 2604 Graecis,
1439 2542 1520 2606 qui
1545 2541 1611 2590 ibi
1639 2543 1878 2593 occubue-

59 2626 156 2674 rint
181 2633 229 2674 et
254 2625 431 2690 sepulti
458 2625 663 2687 fuerint,
703 2625 907 2689 singulis
941 2626 1081 2674 annis
1108 2624 1441 2674 immolaturos
1468 2625 1560 2673 hoo
1586 2625 1757 2675 modo:
1798 2627 1880 2676 de-

60 2710 184 2758 cima
215 2715 354 2757 sexta
390 2707 812 2758 Maemaoterionis
850 2710 1053 2770 mensis,
1094 2709 1174 2774 qui
1213 2707 1576 2757 Alalcomenius
1615 2716 1687 2757 est
1725 2709 1881 2759 Boeo-

58 2793 157 2853 tis,
210 2809 396 2841 summo
445 2809 588 2840 mane
638 2809 871 2858 pompam
914 2792 1121 2853 ducunt,
1174 2793 1248 2840 cui
1286 2792 1445 2857 praeit
1481 2791 1679 2840 tubicen
1717 2793 1880 2842 classi-

60 2892 169 2923 cum
204 2892 412 2936 canens,
452 2876 766 2939 sequentibus
805 2878 950 2942 myrti
993 2883 1040 2924 et
1067 2892 1354 2925 coronarum
1380 2874 1539 2939 plenis
1566 2874 1798 2939 plaustris
1824 2892 1881 2926 ac

61 2959 202 3022 nigro
230 2966 370 3008 tauro
398 2965 446 3006 et
482 2958 648 3006 liberis
688 2958 1106 3020 adolescentibus,
1148 2958 1229 3023 qui
1255 2957 1357 3005 vini
1384 2964 1431 3004 et
1457 2956 1593 3004 lactis
1620 2957 1881 3009 libationes

61 3042 112 3091 in
138 3042 411 3108 amphoris,
451 3041 642 3106 oleique
671 3048 719 3089 et
743 3043 982 3105 unguenti
1007 3059 1154 3091 urnas
1179 3047 1400 3105 gestant3
1442 3056 1599 3105 neque
1626 3041 1757 3091 enim
1781 3044 1879 3092 cui-

63 3142 207 3191 quam
233 3141 374 3174 servo
402 3125 475 3174 fas
501 3131 574 3173 est
600 3123 865 3189 quidquam
889 3125 938 3173 in
967 3142 1023 3173 eo
1049 3123 1315 3173 ministerio
1344 3123 1612 3188 attingere,
1655 3125 1785 3189 quod
1811 3124 1881 3174 illi

64 3226 153 3274 pro
191 3207 413 3256 libertate
454 3207 784 3273 oppetiissent.
835 3208 1088 3257 Postremo
1128 3205 1493 3255 Plataeensium
1530 3215 1752 3272 praetor,
1804 3208 1880 3256 cui

65 3297 226 3339 cetero
263 3298 483 3356 tempore
523 3307 681 3354 neque
722 3290 903 3339 ferrum
930 3299 1158 3354 tangere,
1200 3306 1358 3353 neque
1385 3289 1475 3338 nisi
1504 3291 1667 3339 albam
1691 3298 1879 3340 vestem

65 3373 265 3423 induere
291 3372 426 3437 licet,
464 3374 673 3440 punicea
700 3373 900 3423 amiotus
926 3373 1113 3434 tunica,
1156 3380 1445 3437 sumptaque
1485 3373 1543 3422 de
1571 3374 1766 3423 archivo
1791 3373 1877 3437 hy-

69 3456 197 3521 dria,
225 3472 313 3522 per
337 3457 547 3508 mediam
571 3458 743 3508 urbem
768 3465 942 3507 tenens
967 3456 1184 3521 gladium
1211 3457 1271 3507 ad
1299 3456 1521 3520 sepulcra
1544 3456 1877 3523 proficiscitur·
