<?xml version="1.0" encoding="UTF-8"?>
<!DOCTYPE html PUBLIC "-//W3C//DTD XHTML 1.0 Transitional//EN"
    "http://www.w3.org/TR/xhtml1/DTD/xhtml1-transitional.dtd">
<html xmlns="http://www.w3.org/1999/xhtml" xml:lang="en" lang="en">
 <head>
  <title>
</title>
<meta http-equiv="Content-Type" content="text/html;charset=utf-8" />
  <meta name='ocr-system' content='tesseract 3.04.00' />
  <meta name='ocr-capabilities' content='ocr_page ocr_carea ocr_par ocr_line ocrx_word'/>
</head>
<body>
  <div class='ocr_page' id='page_1' title='image "./synaggtnattiknno00tluoft_0526.png"; bbox 0 0 2114 3642; ppageno 0'>
   <div class='ocr_carea' id='block_1_1' title="bbox 161 289 1557 339">
    <p class='ocr_par' dir='ltr' id='par_1_1' title="bbox 161 289 1557 339">
     <span class='ocr_line' id='line_1_1' title="bbox 161 289 1557 339; baseline -0.003 0"><span class='ocrx_word' id='word_1_1' title='bbox 161 289 262 339; x_wconf 86' lang='lat'>500</span> <span class='ocrx_word' id='word_1_2' title='bbox 611 302 1017 338; x_wconf 63' lang='lat' dir='ltr'>comrnNTAnns</span> <span class='ocrx_word' id='word_1_3' title='bbox 1049 305 1113 335; x_wconf 68' lang='lat' dir='ltr'>An</span> <span class='ocrx_word' id='word_1_4' title='bbox 1144 303 1224 335; x_wconf 72' lang='lat'>649.</span> <span class='ocrx_word' id='word_1_5' title='bbox 1254 303 1336 336; x_wconf 71' lang='lat'>050.</span> <span class='ocrx_word' id='word_1_6' title='bbox 1365 304 1447 337; x_wconf 77' lang='lat'>652.</span> <span class='ocrx_word' id='word_1_7' title='bbox 1476 302 1557 335; x_wconf 78' lang='lat'>655.</span> 
     </span>
    </p>
   </div>
   <div class='ocr_carea' id='block_1_2' title="bbox 937 439 1220 493">
    <p class='ocr_par' dir='ltr' id='par_1_2' title="bbox 937 439 1220 493">
     <span class='ocr_line' id='line_1_2' title="bbox 937 439 1220 493; baseline 0.007 -2"><span class='ocrx_word' id='word_1_8' title='bbox 937 439 1036 492; x_wconf 83' lang='lat' dir='ltr'>Ad</span> <span class='ocrx_word' id='word_1_9' title='bbox 1070 440 1220 493; x_wconf 80' lang='lat'>649.</span> 
     </span>
    </p>
   </div>
   <div class='ocr_carea' id='block_1_3' title="bbox 153 549 2004 1115">
    <p class='ocr_par' dir='ltr' id='par_1_3' title="bbox 153 549 2004 1115">
     <span class='ocr_line' id='line_1_3' title="bbox 299 549 2002 619; baseline -0.002 -19"><span class='ocrx_word' id='word_1_10' title='bbox 299 553 445 619; x_wconf 87' lang='lat' dir='ltr'><strong>Apud</strong></span> <span class='ocrx_word' id='word_1_11' title='bbox 485 554 754 609; x_wconf 80' lang='lat' dir='ltr'>Romanos,</span> <span class='ocrx_word' id='word_1_12' title='bbox 808 549 866 598; x_wconf 91' lang='lat' dir='ltr'>de</span> <span class='ocrx_word' id='word_1_13' title='bbox 908 549 1085 613; x_wconf 89' lang='lat' dir='ltr'>quibus</span> <span class='ocrx_word' id='word_1_14' title='bbox 1125 551 1272 600; x_wconf 89' lang='lat' dir='ltr'>rebus</span> <span class='ocrx_word' id='word_1_15' title='bbox 1314 559 1367 598; x_wconf 89' lang='lat' dir='ltr'>ut</span> <span class='ocrx_word' id='word_1_16' title='bbox 1406 551 1546 599; x_wconf 89' lang='lat' dir='ltr'>aliter</span> <span class='ocrx_word' id='word_1_17' title='bbox 1584 558 1840 614; x_wconf 81' lang='lat' dir='ltr'>ageretur,</span> <span class='ocrx_word' id='word_1_18' title='bbox 1892 549 2002 612; x_wconf 84' lang='lat' dir='ltr'>lege</span> 
     </span>
     <span class='ocr_line' id='line_1_4' title="bbox 159 632 2001 697; baseline -0.004 -11"><span class='ocrx_word' id='word_1_19' title='bbox 159 645 357 686; x_wconf 84' lang='lat' dir='ltr'>cautum</span> <span class='ocrx_word' id='word_1_20' title='bbox 384 653 482 683; x_wconf 89' lang='lat' dir='ltr'>non</span> <span class='ocrx_word' id='word_1_21' title='bbox 522 642 650 693; x_wconf 81' lang='lat' dir='ltr'>erat,</span> <span class='ocrx_word' id='word_1_22' title='bbox 694 633 752 680; x_wconf 90' lang='lat' dir='ltr'>de</span> <span class='ocrx_word' id='word_1_23' title='bbox 793 632 866 680; x_wconf 91' lang='lat' dir='ltr'>his</span> <span class='ocrx_word' id='word_1_24' title='bbox 901 642 1316 682; x_wconf 88' lang='lat' dir='ltr'>sacramento</span> <span class='ocrx_word' id='word_1_25' title='bbox 1351 634 1619 697; x_wconf 80' lang='lat' dir='ltr'>agebatur3</span> <span class='ocrx_word' id='word_1_26' title='bbox 1659 641 1707 682; x_wconf 92' lang='lat' dir='ltr'>et</span> <span class='ocrx_word' id='word_1_27' title='bbox 1734 634 1814 697; x_wconf 91' lang='lat' dir='ltr'>qui</span> <span class='ocrx_word' id='word_1_28' title='bbox 1844 632 2001 680; x_wconf 80' lang='lat' dir='ltr'>victus</span> 
     </span>
     <span class='ocr_line' id='line_1_5' title="bbox 157 716 2003 782; baseline -0.003 -14"><span class='ocrx_word' id='word_1_29' title='bbox 157 728 284 779; x_wconf 87' lang='lat' dir='ltr'>erat,</span> <span class='ocrx_word' id='word_1_30' title='bbox 327 734 565 767; x_wconf 84' lang='lat' dir='ltr'>summam</span> <span class='ocrx_word' id='word_1_31' title='bbox 603 716 897 764; x_wconf 78' lang='lat' dir='ltr'>sacramenti</span> <span class='ocrx_word' id='word_1_32' title='bbox 935 717 1222 780; x_wconf 76' lang='lat' dir='ltr'>praestabat</span> <span class='ocrx_word' id='word_1_33' title='bbox 1260 734 1450 782; x_wconf 90' lang='lat' dir='ltr'>poenae</span> <span class='ocrx_word' id='word_1_34' title='bbox 1490 717 1717 769; x_wconf 80' lang='lat' dir='ltr'>nomine:</span> <span class='ocrx_word' id='word_1_35' title='bbox 1758 733 1912 780; x_wconf 89' lang='lat' dir='ltr'>eaque</span> <span class='ocrx_word' id='word_1_36' title='bbox 1953 716 2003 762; x_wconf 87' lang='lat' dir='ltr'>in</span> 
     </span>
     <span class='ocr_line' id='line_1_6' title="bbox 158 799 2004 868; baseline -0.002 -17"><span class='ocrx_word' id='word_1_37' title='bbox 158 803 409 868; x_wconf 89' lang='lat' dir='ltr'>publicum</span> <span class='ocrx_word' id='word_1_38' title='bbox 436 800 656 849; x_wconf 79' lang='lat' dir='ltr'>cedebat.</span> <span class='ocrx_word' id='word_1_39' title='bbox 711 799 880 848; x_wconf 89' lang='lat' dir='ltr'>Poena</span> <span class='ocrx_word' id='word_1_40' title='bbox 919 807 1082 847; x_wconf 90' lang='lat' dir='ltr'>autem</span> <span class='ocrx_word' id='word_1_41' title='bbox 1110 801 1403 848; x_wconf 80' lang='lat' dir='ltr'>sacramenti</span> <span class='ocrx_word' id='word_1_42' title='bbox 1431 808 1515 849; x_wconf 89' lang='lat' dir='ltr'>aut</span> <span class='ocrx_word' id='word_1_43' title='bbox 1543 800 1869 864; x_wconf 81' lang='lat' dir='ltr'>quingenaria</span> <span class='ocrx_word' id='word_1_44' title='bbox 1899 808 2004 847; x_wconf 85' lang='lat' dir='ltr'>erat</span> 
     </span>
     <span class='ocr_line' id='line_1_7' title="bbox 153 881 1998 950; baseline -0.003 -16"><span class='ocrx_word' id='word_1_45' title='bbox 153 893 237 934; x_wconf 89' lang='lat' dir='ltr'>aut</span> <span class='ocrx_word' id='word_1_46' title='bbox 263 882 710 950; x_wconf 81' lang='lat' dir='ltr'>quinquagenaria:</span> <span class='ocrx_word' id='word_1_47' title='bbox 746 900 863 931; x_wconf 87' lang='lat' dir='ltr'>nam</span> <span class='ocrx_word' id='word_1_48' title='bbox 890 882 948 931; x_wconf 89' lang='lat' dir='ltr'>de</span> <span class='ocrx_word' id='word_1_49' title='bbox 976 883 1120 931; x_wconf 85' lang='lat' dir='ltr'>rebus</span> <span class='ocrx_word' id='word_1_50' title='bbox 1157 884 1289 932; x_wconf 88' lang='lat' dir='ltr'>mille</span> <span class='ocrx_word' id='word_1_51' title='bbox 1318 885 1444 932; x_wconf 88' lang='lat' dir='ltr'>aeris</span> <span class='ocrx_word' id='word_1_52' title='bbox 1472 885 1688 949; x_wconf 82' lang='lat' dir='ltr'>plurisve</span> <span class='ocrx_word' id='word_1_53' title='bbox 1716 881 1998 947; x_wconf 79' lang='lat' dir='ltr'>quingentis</span> 
     </span>
     <span class='ocr_line' id='line_1_8' title="bbox 155 967 2000 1032; baseline -0.003 -15"><span class='ocrx_word' id='word_1_54' title='bbox 155 968 358 1029; x_wconf 81' lang='lat' dir='ltr'>assibus,</span> <span class='ocrx_word' id='word_1_55' title='bbox 388 967 448 1016; x_wconf 88' lang='lat' dir='ltr'>de</span> <span class='ocrx_word' id='word_1_56' title='bbox 476 967 678 1015; x_wconf 89' lang='lat' dir='ltr'>minoris</span> <span class='ocrx_word' id='word_1_57' title='bbox 706 984 823 1015; x_wconf 79' lang='lat' dir='ltr'>vero</span> <span class='ocrx_word' id='word_1_58' title='bbox 852 967 1213 1032; x_wconf 79' lang='lat' dir='ltr'>quinquaginta</span> <span class='ocrx_word' id='word_1_59' title='bbox 1240 968 1432 1016; x_wconf 86' lang='lat' dir='ltr'>assibus</span> <span class='ocrx_word' id='word_1_60' title='bbox 1459 975 1769 1016; x_wconf 88' lang='lat' dir='ltr'>sacramento</span> <span class='ocrx_word' id='word_1_61' title='bbox 1798 973 2000 1014; x_wconf 88' lang='lat' dir='ltr'>conten-</span> 
     </span>
     <span class='ocr_line' id='line_1_9' title="bbox 157 1051 1598 1115; baseline 0 -16"><span class='ocrx_word' id='word_1_62' title='bbox 157 1052 393 1113; x_wconf 81' lang='lat' dir='ltr'>debatur:</span> <span class='ocrx_word' id='word_1_63' title='bbox 433 1068 549 1100; x_wconf 88' lang='lat' dir='ltr'>nam</span> <span class='ocrx_word' id='word_1_64' title='bbox 576 1051 641 1099; x_wconf 88' lang='lat' dir='ltr'>ita</span> <span class='ocrx_word' id='word_1_65' title='bbox 668 1051 780 1115; x_wconf 82' lang='lat' dir='ltr'>lege</span> <span class='ocrx_word' id='word_1_66' title='bbox 808 1051 921 1100; x_wconf 86' lang='lat' dir='ltr'>XII.</span> <span class='ocrx_word' id='word_1_67' title='bbox 951 1051 1231 1099; x_wconf 87' lang='lat' dir='ltr'>tabularum</span> <span class='ocrx_word' id='word_1_68' title='bbox 1259 1059 1456 1099; x_wconf 86' lang='lat' dir='ltr'>cautum</span> <span class='ocrx_word' id='word_1_69' title='bbox 1487 1059 1598 1099; x_wconf 74' lang='lat' dir='ltr'>erat.</span> 
     </span>
    </p>
   </div>
   <div class='ocr_carea' id='block_1_4' title="bbox 300 1134 1220 1329">
    <p class='ocr_par' dir='ltr' id='par_1_4' title="bbox 300 1134 1220 1329">
     <span class='ocr_line' id='line_1_10' title="bbox 300 1134 1157 1199; baseline 0 -15"><span class='ocrx_word' id='word_1_70' title='bbox 300 1134 480 1199; x_wconf 77' lang='lat' dir='ltr'>(Graji</span> <span class='ocrx_word' id='word_1_71' title='bbox 519 1135 738 1184; x_wconf 84' lang='lat' dir='ltr'>Instit.</span> <span class='ocrx_word' id='word_1_72' title='bbox 778 1134 864 1195; x_wconf 80' lang='lat' dir='ltr'>IV,</span> <span class='ocrx_word' id='word_1_73' title='bbox 907 1134 1157 1194; x_wconf 80' lang='lat'>13--14.)</span> 
     </span>
     <span class='ocr_line' id='line_1_11' title="bbox 940 1274 1220 1329; baseline 0.004 -1"><span class='ocrx_word' id='word_1_74' title='bbox 940 1274 1039 1329; x_wconf 82' lang='lat' dir='ltr'>Ad</span> <span class='ocrx_word' id='word_1_75' title='bbox 1068 1276 1220 1329; x_wconf 84' lang='grc'>650.</span> 
     </span>
    </p>
   </div>
   <div class='ocr_carea' id='block_1_5' title="bbox 154 1382 2002 1617">
    <p class='ocr_par' dir='ltr' id='par_1_5' title="bbox 154 1382 2002 1617">
     <span class='ocr_line' id='line_1_12' title="bbox 297 1382 2001 1451; baseline -0.003 -17"><span class='ocrx_word' id='word_1_76' title='bbox 297 1385 482 1435; x_wconf 84' lang='lat' dir='ltr'>Lexica</span> <span class='ocrx_word' id='word_1_77' title='bbox 521 1385 823 1449; x_wconf 84' lang='lat' dir='ltr'>Segueriana</span> <span class='ocrx_word' id='word_1_78' title='bbox 863 1404 908 1451; x_wconf 88' lang='lat' dir='ltr'>p.</span> <span class='ocrx_word' id='word_1_79' title='bbox 940 1387 1043 1433; x_wconf 83' lang='lat'>290</span> <span class='ocrx_word' id='word_1_80' title='bbox 1082 1405 1173 1451; x_wconf 90' lang='lat' dir='ltr'>pro</span> <span class='ocrx_word' id='word_1_81' title='bbox 1215 1382 1520 1446; x_wconf 75' lang='grc' dir='ltr'><em>παράστασις</em></span> <span class='ocrx_word' id='word_1_82' title='bbox 1552 1385 1737 1435; x_wconf 84' lang='lat' dir='ltr'>habent</span> <span class='ocrx_word' id='word_1_83' title='bbox 1765 1402 2001 1445; x_wconf 75' lang='grc' dir='ltr'><em>παρακα-</em></span> 
     </span>
     <span class='ocr_line' id='line_1_13' title="bbox 154 1465 2002 1534; baseline 0.002 -20"><span class='ocrx_word' id='word_1_84' title='bbox 154 1465 400 1522; x_wconf 73' lang='grc' dir='ltr'><em>τάστασις.</em></span> <span class='ocrx_word' id='word_1_85' title='bbox 456 1469 519 1516; x_wconf 79' lang='lat' dir='ltr'>Et</span> <span class='ocrx_word' id='word_1_86' title='bbox 545 1486 591 1533; x_wconf 90' lang='lat' dir='ltr'>p.</span> <span class='ocrx_word' id='word_1_87' title='bbox 621 1468 723 1516; x_wconf 81' lang='lat'>298</span> <span class='ocrx_word' id='word_1_88' title='bbox 751 1468 917 1517; x_wconf 85' lang='lat' dir='ltr'>dicunt</span> <span class='ocrx_word' id='word_1_89' title='bbox 954 1469 1013 1518; x_wconf 90' lang='lat' dir='ltr'>de</span> <span class='ocrx_word' id='word_1_90' title='bbox 1042 1467 1341 1531; x_wconf 71' lang='grc' dir='ltr'><em>παραστάσει</em></span> <span class='ocrx_word' id='word_1_91' title='bbox 1361 1506 1372 1526; x_wconf 91' lang='grc'>,</span> <span class='ocrx_word' id='word_1_92' title='bbox 1416 1469 1547 1534; x_wconf 87' lang='lat' dir='ltr'>quod</span> <span class='ocrx_word' id='word_1_93' title='bbox 1574 1469 1657 1518; x_wconf 86' lang='lat' dir='ltr'>illa</span> <span class='ocrx_word' id='word_1_94' title='bbox 1684 1469 1830 1519; x_wconf 90' lang='lat' dir='ltr'>fuerit</span> <span class='ocrx_word' id='word_1_95' title='bbox 1857 1486 2002 1534; x_wconf 87' lang='lat' dir='ltr'>pecu-</span> 
     </span>
     <span class='ocr_line' id='line_1_14' title="bbox 155 1551 1535 1617; baseline 0.001 -16"><span class='ocrx_word' id='word_1_96' title='bbox 155 1552 262 1613; x_wconf 83' lang='lat' dir='ltr'>nia,</span> <span class='ocrx_word' id='word_1_97' title='bbox 305 1570 429 1617; x_wconf 87' lang='lat' dir='ltr'>quae</span> <span class='ocrx_word' id='word_1_98' title='bbox 456 1551 566 1601; x_wconf 86' lang='lat' dir='ltr'>ideo</span> <span class='ocrx_word' id='word_1_99' title='bbox 593 1552 910 1613; x_wconf 85' lang='lat' dir='ltr'>solvebat-ur,</span> <span class='ocrx_word' id='word_1_100' title='bbox 951 1571 1013 1602; x_wconf 90' lang='lat' dir='ltr'>ne</span> <span class='ocrx_word' id='word_1_101' title='bbox 1042 1554 1100 1602; x_wconf 84' lang='lat' dir='ltr'>lis</span> <span class='ocrx_word' id='word_1_102' title='bbox 1129 1554 1535 1603; x_wconf 85' lang='lat' dir='ltr'>introduceretur.</span> 
     </span>
    </p>
   </div>
   <div class='ocr_carea' id='block_1_6' title="bbox 935 1693 1222 1747">
    <p class='ocr_par' dir='ltr' id='par_1_6' title="bbox 935 1693 1222 1747">
     <span class='ocr_line' id='line_1_15' title="bbox 935 1693 1222 1747; baseline 0 -1"><span class='ocrx_word' id='word_1_103' title='bbox 935 1693 1034 1746; x_wconf 82' lang='lat' dir='ltr'>Ad</span> <span class='ocrx_word' id='word_1_104' title='bbox 1070 1695 1222 1747; x_wconf 79' lang='lat'>652.</span> 
     </span>
    </p>
   </div>
   <div class='ocr_carea' id='block_1_7' title="bbox 155 1802 2002 2035">
    <p class='ocr_par' dir='ltr' id='par_1_7' title="bbox 155 1802 2002 2035">
     <span class='ocr_line' id='line_1_16' title="bbox 298 1802 2001 1869; baseline 0 -18"><span class='ocrx_word' id='word_1_105' title='bbox 298 1803 550 1852; x_wconf 82' lang='lat' dir='ltr'>Bo’ckhius</span> <span class='ocrx_word' id='word_1_106' title='bbox 579 1803 722 1852; x_wconf 89' lang='lat' dir='ltr'>docet</span> <span class='ocrx_word' id='word_1_107' title='bbox 752 1802 992 1862; x_wconf 76' lang='lat' dir='ltr'>(Sta-atsh.</span> <span class='ocrx_word' id='word_1_108' title='bbox 1023 1805 1067 1852; x_wconf 90' lang='lat' dir='ltr'>d.</span> <span class='ocrx_word' id='word_1_109' title='bbox 1097 1804 1276 1853; x_wconf 85' lang='lat' dir='ltr'>Athen.</span> <span class='ocrx_word' id='word_1_110' title='bbox 1307 1805 1364 1853; x_wconf 89' lang='lat' dir='ltr'>T.</span> <span class='ocrx_word' id='word_1_111' title='bbox 1393 1806 1428 1853; x_wconf 92' lang='lat' dir='ltr'>I.</span> <span class='ocrx_word' id='word_1_112' title='bbox 1457 1822 1500 1868; x_wconf 91' lang='lat' dir='ltr'>p.</span> <span class='ocrx_word' id='word_1_113' title='bbox 1531 1804 1661 1863; x_wconf 75' lang='lat'>466)</span> <span class='ocrx_word' id='word_1_114' title='bbox 1696 1803 1926 1869; x_wconf 81' lang='lat' dir='ltr'>prytania</span> <span class='ocrx_word' id='word_1_115' title='bbox 1952 1804 2001 1851; x_wconf 89' lang='lat' dir='ltr'>in</span> 
     </span>
     <span class='ocr_line' id='line_1_17' title="bbox 155 1887 2002 1953; baseline 0 -18"><span class='ocrx_word' id='word_1_116' title='bbox 155 1887 314 1935; x_wconf 86' lang='lat' dir='ltr'>causis</span> <span class='ocrx_word' id='word_1_117' title='bbox 354 1887 587 1952; x_wconf 75' lang='lat' dir='ltr'>privatiS‚</span> <span class='ocrx_word' id='word_1_118' title='bbox 636 1887 928 1951; x_wconf 88' lang='lat' dir='ltr'>parastasim</span> <span class='ocrx_word' id='word_1_119' title='bbox 966 1887 1016 1935; x_wconf 89' lang='lat' dir='ltr'>in</span> <span class='ocrx_word' id='word_1_120' title='bbox 1058 1888 1265 1953; x_wconf 82' lang='lat' dir='ltr'>publicis</span> <span class='ocrx_word' id='word_1_121' title='bbox 1306 1889 1455 1937; x_wconf 89' lang='lat' dir='ltr'>fuisse</span> <span class='ocrx_word' id='word_1_122' title='bbox 1495 1887 1730 1946; x_wconf 76' lang='lat' dir='ltr'>solutam,</span> <span class='ocrx_word' id='word_1_123' title='bbox 1785 1887 2002 1952; x_wconf 80' lang='lat' dir='ltr'>exceptis</span> 
     </span>
     <span class='ocr_line' id='line_1_18' title="bbox 155 1970 1319 2035; baseline 0.003 -17"><span class='ocrx_word' id='word_1_124' title='bbox 155 1970 313 2019; x_wconf 86' lang='lat' dir='ltr'>causis</span> <span class='ocrx_word' id='word_1_125' title='bbox 340 1970 402 2019; x_wconf 90' lang='lat' dir='ltr'>ad</span> <span class='ocrx_word' id='word_1_126' title='bbox 430 1970 592 2020; x_wconf 89' lang='lat' dir='ltr'>forum</span> <span class='ocrx_word' id='word_1_127' title='bbox 617 1970 915 2019; x_wconf 87' lang='lat' dir='ltr'>arbitrorum</span> <span class='ocrx_word' id='word_1_128' title='bbox 941 1972 1319 2035; x_wconf 88' lang='lat' dir='ltr'>pertinentibus.</span> 
     </span>
    </p>
   </div>
   <div class='ocr_carea' id='block_1_8' title="bbox 155 2063 2001 2460">
    <p class='ocr_par' dir='ltr' id='par_1_8' title="bbox 155 2063 2001 2460">
     <span class='ocr_line' id='line_1_19' title="bbox 298 2063 2000 2132; baseline 0 -18"><span class='ocrx_word' id='word_1_129' title='bbox 298 2064 396 2114; x_wconf 83' lang='lat' dir='ltr'>Sed</span> <span class='ocrx_word' id='word_1_130' title='bbox 425 2066 756 2132; x_wconf 89' lang='lat' dir='ltr'>Harpocratio</span> <span class='ocrx_word' id='word_1_131' title='bbox 784 2084 819 2114; x_wconf 90' lang='lat' dir='ltr'>s.</span> <span class='ocrx_word' id='word_1_132' title='bbox 849 2084 892 2115; x_wconf 78' lang='lat' dir='ltr'>v.</span> <span class='ocrx_word' id='word_1_133' title='bbox 928 2063 1251 2128; x_wconf 77' lang='grc' dir='ltr'><em>Παράστασις</em></span> <span class='ocrx_word' id='word_1_134' title='bbox 1279 2068 1421 2117; x_wconf 89' lang='lat' dir='ltr'>dicit:</span> <span class='ocrx_word' id='word_1_135' title='bbox 1456 2068 1704 2117; x_wconf 81' lang='lat' dir='ltr'>Drachnia</span> <span class='ocrx_word' id='word_1_136' title='bbox 1730 2067 1821 2115; x_wconf 87' lang='lat' dir='ltr'>fuit.</span> <span class='ocrx_word' id='word_1_137' title='bbox 1849 2067 2000 2132; x_wconf 89' lang='lat' dir='ltr'>depo-</span> 
     </span>
     <span class='ocr_line' id='line_1_20' title="bbox 155 2149 2000 2216; baseline 0.001 -19"><span class='ocrx_word' id='word_1_138' title='bbox 155 2151 246 2198; x_wconf 85' lang='lat' dir='ltr'>sita</span> <span class='ocrx_word' id='word_1_139' title='bbox 271 2150 333 2197; x_wconf 87' lang='lat' dir='ltr'>ab</span> <span class='ocrx_word' id='word_1_140' title='bbox 362 2149 447 2210; x_wconf 83' lang='lat' dir='ltr'>iis,</span> <span class='ocrx_word' id='word_1_141' title='bbox 476 2151 557 2214; x_wconf 90' lang='lat' dir='ltr'>qui</span> <span class='ocrx_word' id='word_1_142' title='bbox 583 2150 789 2216; x_wconf 90' lang='lat' dir='ltr'>privatis</span> <span class='ocrx_word' id='word_1_143' title='bbox 816 2150 945 2198; x_wconf 89' lang='lat' dir='ltr'>inter</span> <span class='ocrx_word' id='word_1_144' title='bbox 972 2168 1022 2200; x_wconf 91' lang='lat' dir='ltr'>se</span> <span class='ocrx_word' id='word_1_145' title='bbox 1047 2151 1105 2199; x_wconf 87' lang='lat' dir='ltr'>de</span> <span class='ocrx_word' id='word_1_146' title='bbox 1134 2153 1487 2201; x_wconf 87' lang='lat' dir='ltr'>controversiis</span> <span class='ocrx_word' id='word_1_147' title='bbox 1515 2152 1863 2216; x_wconf 83' lang='lat' dir='ltr'>disceptarent.</span> <span class='ocrx_word' id='word_1_148' title='bbox 1904 2151 2000 2198; x_wconf 92' lang='lat' dir='ltr'>De-</span> 
     </span>
     <span class='ocr_line' id='line_1_21' title="bbox 155 2233 1999 2301; baseline 0 -20"><span class='ocrx_word' id='word_1_149' title='bbox 155 2233 354 2281; x_wconf 90' lang='lat' dir='ltr'>metrius</span> <span class='ocrx_word' id='word_1_150' title='bbox 396 2240 561 2282; x_wconf 89' lang='lat' dir='ltr'>autem</span> <span class='ocrx_word' id='word_1_151' title='bbox 586 2233 854 2282; x_wconf 87' lang='lat' dir='ltr'>Phalereus</span> <span class='ocrx_word' id='word_1_152' title='bbox 895 2234 1042 2282; x_wconf 85' lang='lat' dir='ltr'>tradit</span> <span class='ocrx_word' id='word_1_153' title='bbox 1081 2236 1289 2284; x_wconf 89' lang='lat' dir='ltr'>arbitros</span> <span class='ocrx_word' id='word_1_154' title='bbox 1324 2236 1512 2301; x_wconf 81' lang='lat' dir='ltr'>cepisse</span> <span class='ocrx_word' id='word_1_155' title='bbox 1541 2234 1825 2283; x_wconf 84' lang='lat' dir='ltr'>drachmam</span> <span class='ocrx_word' id='word_1_156' title='bbox 1852 2252 1999 2282; x_wconf 90' lang='lat' dir='ltr'>unam</span> 
     </span>
     <span class='ocr_line' id='line_1_22' title="bbox 157 2315 2001 2383; baseline -0.001 -20"><span class='ocrx_word' id='word_1_157' title='bbox 157 2322 269 2381; x_wconf 88' lang='lat' dir='ltr'>post</span> <span class='ocrx_word' id='word_1_158' title='bbox 295 2315 603 2365; x_wconf 87' lang='lat' dir='ltr'>sortitionem</span> <span class='ocrx_word' id='word_1_159' title='bbox 631 2333 834 2377; x_wconf 85' lang='lat' dir='ltr'>causae,</span> <span class='ocrx_word' id='word_1_160' title='bbox 875 2317 1080 2368; x_wconf 83' lang='lat' dir='ltr'>alteram</span> <span class='ocrx_word' id='word_1_161' title='bbox 1109 2320 1299 2383; x_wconf 87' lang='lat' dir='ltr'>quoties</span> <span class='ocrx_word' id='word_1_162' title='bbox 1328 2319 1431 2367; x_wconf 89' lang='lat' dir='ltr'>dies</span> <span class='ocrx_word' id='word_1_163' title='bbox 1458 2319 1676 2366; x_wconf 88' lang='lat' dir='ltr'>diffissus</span> <span class='ocrx_word' id='word_1_164' title='bbox 1705 2326 1832 2366; x_wconf 89' lang='lat' dir='ltr'>esset</span> <span class='ocrx_word' id='word_1_165' title='bbox 1877 2320 2001 2377; x_wconf 73' lang='grc' dir='ltr'>(κα-</span> 
     </span>
     <span class='ocr_line' id='line_1_23' title="bbox 156 2391 837 2460; baseline 0.006 -16"><span class='ocrx_word' id='word_1_166' title='bbox 156 2395 217 2444; x_wconf 77' lang='grc' dir='ltr'>τά</span> <span class='ocrx_word' id='word_1_167' title='bbox 246 2391 552 2460; x_wconf 65' lang='grc' dir='ltr'><em>ὑπωμοσίαν</em></span> <span class='ocrx_word' id='word_1_168' title='bbox 580 2395 837 2459; x_wconf 59' lang='grc' dir='ltr'>ἑκάστην).</span> 
     </span>
    </p>
   </div>
   <div class='ocr_carea' id='block_1_9' title="bbox 940 2491 1220 2545">
    <p class='ocr_par' dir='ltr' id='par_1_9' title="bbox 940 2491 1220 2545">
     <span class='ocr_line' id='line_1_24' title="bbox 940 2491 1220 2545; baseline 0.004 -1"><span class='ocrx_word' id='word_1_169' title='bbox 940 2491 1039 2544; x_wconf 78' lang='lat' dir='ltr'>Ad</span> <span class='ocrx_word' id='word_1_170' title='bbox 1068 2492 1220 2545; x_wconf 78' lang='lat'>655.</span> 
     </span>
    </p>
   </div>
   <div class='ocr_carea' id='block_1_10' title="bbox 160 2600 1998 2754">
    <p class='ocr_par' dir='ltr' id='par_1_10' title="bbox 160 2600 1998 2754">
     <span class='ocr_line' id='line_1_25' title="bbox 300 2600 1998 2670; baseline -0.001 -17"><span class='ocrx_word' id='word_1_171' title='bbox 300 2604 429 2654; x_wconf 86' lang='lat' dir='ltr'>Hinc</span> <span class='ocrx_word' id='word_1_172' title='bbox 469 2610 635 2670; x_wconf 82' lang='lat' dir='ltr'>patet,</span> <span class='ocrx_word' id='word_1_173' title='bbox 674 2603 1041 2670; x_wconf 86' lang='lat' dir='ltr'>stipulationem</span> <span class='ocrx_word' id='word_1_174' title='bbox 1081 2622 1165 2653; x_wconf 87' lang='lat' dir='ltr'>seu</span> <span class='ocrx_word' id='word_1_175' title='bbox 1207 2600 1644 2667; x_wconf 68' lang='grc' dir='ltr'>παρακαταρὀλὴν</span> <span class='ocrx_word' id='word_1_176' title='bbox 1682 2605 1732 2653; x_wconf 93' lang='lat' dir='ltr'>in</span> <span class='ocrx_word' id='word_1_177' title='bbox 1772 2604 1998 2653; x_wconf 83' lang='lat' dir='ltr'>omnibus</span> 
     </span>
     <span class='ocr_line' id='line_1_26' title="bbox 160 2686 1810 2754; baseline 0.002 -21"><span class='ocrx_word' id='word_1_178' title='bbox 160 2686 354 2752; x_wconf 88' lang='lat' dir='ltr'>reliquis</span> <span class='ocrx_word' id='word_1_179' title='bbox 381 2687 548 2736; x_wconf 89' lang='lat' dir='ltr'>litibus</span> <span class='ocrx_word' id='word_1_180' title='bbox 573 2694 672 2735; x_wconf 88' lang='lat' dir='ltr'>tam</span> <span class='ocrx_word' id='word_1_181' title='bbox 700 2687 910 2753; x_wconf 90' lang='lat' dir='ltr'>publicis</span> <span class='ocrx_word' id='word_1_182' title='bbox 938 2705 1084 2753; x_wconf 86' lang='lat' dir='ltr'>quam</span> <span class='ocrx_word' id='word_1_183' title='bbox 1112 2688 1316 2753; x_wconf 86' lang='lat' dir='ltr'>privatis</span> <span class='ocrx_word' id='word_1_184' title='bbox 1345 2688 1492 2737; x_wconf 79' lang='lat' dir='ltr'>fuisse</span> <span class='ocrx_word' id='word_1_185' title='bbox 1520 2688 1810 2754; x_wconf 86' lang='lat' dir='ltr'>depositam.</span> 
     </span>
    </p>
   </div>
   <div class='ocr_carea' id='block_1_11' title="bbox 155 2783 2003 3431">
    <p class='ocr_par' dir='ltr' id='par_1_11' title="bbox 155 2783 2002 3092">
     <span class='ocr_line' id='line_1_27' title="bbox 301 2783 2000 2849; baseline -0.001 -17"><span class='ocrx_word' id='word_1_186' title='bbox 301 2784 359 2832; x_wconf 91' lang='lat' dir='ltr'>In</span> <span class='ocrx_word' id='word_1_187' title='bbox 386 2783 577 2832; x_wconf 85' lang='lat' dir='ltr'>actione</span> <span class='ocrx_word' id='word_1_188' title='bbox 605 2783 852 2832; x_wconf 87' lang='lat' dir='ltr'>metallica</span> <span class='ocrx_word' id='word_1_189' title='bbox 879 2784 1207 2849; x_wconf 87' lang='lat' dir='ltr'>stipulationis</span> <span class='ocrx_word' id='word_1_190' title='bbox 1244 2785 1542 2833; x_wconf 87' lang='lat' dir='ltr'>mentionem</span> <span class='ocrx_word' id='word_1_191' title='bbox 1571 2784 1686 2833; x_wconf 82' lang='lat' dir='ltr'>facit.</span> <span class='ocrx_word' id='word_1_192' title='bbox 1712 2783 2000 2833; x_wconf 87' lang='lat' dir='ltr'>Demosthe-</span> 
     </span>
     <span class='ocr_line' id='line_1_28' title="bbox 160 2865 2000 2932; baseline -0.001 -20"><span class='ocrx_word' id='word_1_193' title='bbox 160 2881 246 2913; x_wconf 89' lang='lat' dir='ltr'>nes</span> <span class='ocrx_word' id='word_1_194' title='bbox 275 2867 505 2932; x_wconf 84' lang='lat' dir='ltr'>(Except.</span> <span class='ocrx_word' id='word_1_195' title='bbox 534 2866 644 2916; x_wconf 78' lang='lat' dir='ltr'>adv.</span> <span class='ocrx_word' id='word_1_196' title='bbox 674 2867 960 2916; x_wconf 84' lang='lat' dir='ltr'>Pantacnet.</span> <span class='ocrx_word' id='word_1_197' title='bbox 990 2868 1138 2927; x_wconf 77' lang='lat'>978):</span> <span class='ocrx_word' id='word_1_198' title='bbox 1174 2865 1301 2929; x_wconf 67' lang='grc' dir='ltr'>μετὰ</span> <span class='ocrx_word' id='word_1_199' title='bbox 1331 2866 1492 2914; x_wconf 78' lang='grc' dir='ltr'><em>ταῦτα</em></span> <span class='ocrx_word' id='word_1_200' title='bbox 1522 2868 1878 2929; x_wconf 66' lang='grc' dir='ltr'>προσκαλεῖται</span> <span class='ocrx_word' id='word_1_201' title='bbox 1902 2868 2000 2927; x_wconf 68' lang='grc' dir='ltr'>μέν</span> 
     </span>
     <span class='ocr_line' id='line_1_29' title="bbox 155 2944 2002 3013; baseline 0.002 -20"><span class='ocrx_word' id='word_1_202' title='bbox 155 2966 221 3009; x_wconf 76' lang='grc' dir='ltr'>με</span> <span class='ocrx_word' id='word_1_203' title='bbox 248 2944 337 3003; x_wconf 63' lang='grc' dir='ltr'>τὴν</span> <span class='ocrx_word' id='word_1_204' title='bbox 365 2946 513 3008; x_wconf 70' lang='grc' dir='ltr'><em>δίκην</em></span> <span class='ocrx_word' id='word_1_205' title='bbox 554 2947 707 2998; x_wconf 70' lang='grc' dir='ltr'><em>πάλιν</em></span> <span class='ocrx_word' id='word_1_206' title='bbox 725 2987 736 3007; x_wconf 89' lang='grc'>,</span> <span class='ocrx_word' id='word_1_207' title='bbox 777 2948 942 3007; x_wconf 62' lang='grc' dir='ltr'><em>ἐπειδὴ</em></span> <span class='ocrx_word' id='word_1_208' title='bbox 988 2949 1185 2999; x_wconf 67' lang='grc' dir='ltr'>θᾶττον</span> <span class='ocrx_word' id='word_1_209' title='bbox 1225 2948 1451 3000; x_wconf 55' lang='lat' dir='ltr'>duellem</span> <span class='ocrx_word' id='word_1_210' title='bbox 1492 2949 1579 3007; x_wconf 74' lang='grc' dir='ltr'>τάς</span> <span class='ocrx_word' id='word_1_211' title='bbox 1619 2971 1650 2998; x_wconf 75' lang='grc' dir='ltr'><em>π</em></span> <span class='ocrx_word' id='word_1_212' title='bbox 1668 2968 2002 3013; x_wconf 72' lang='grc' dir='ltr'><em>αρακατα-</em></span> 
     </span>
     <span class='ocr_line' id='line_1_30' title="bbox 159 3027 379 3092; baseline 0.014 -16"><span class='ocrx_word' id='word_1_213' title='bbox 159 3030 236 3092; x_wconf 75' lang='grc' dir='ltr'>βο</span> <span class='ocrx_word' id='word_1_214' title='bbox 252 3031 277 3076; x_wconf 90' lang='grc' dir='ltr'><em>λ</em></span> <span class='ocrx_word' id='word_1_215' title='bbox 296 3027 327 3075; x_wconf 90' lang='grc' dir='ltr'><em>ά</em></span> <span class='ocrx_word' id='word_1_216' title='bbox 344 3050 379 3084; x_wconf 76' lang='grc' dir='ltr'>ς.</span> 
     </span>
    </p>

    <p class='ocr_par' dir='ltr' id='par_1_12' title="bbox 163 3114 2003 3431">
     <span class='ocr_line' id='line_1_31' title="bbox 308 3114 2003 3186; baseline 0.002 -24"><span class='ocrx_word' id='word_1_217' title='bbox 308 3114 364 3162; x_wconf 87' lang='grc' dir='ltr'>Ι11</span> <span class='ocrx_word' id='word_1_218' title='bbox 394 3116 668 3167; x_wconf 82' lang='lat' dir='ltr'>actionibus</span> <span class='ocrx_word' id='word_1_219' title='bbox 696 3119 846 3169; x_wconf 88' lang='lat' dir='ltr'>debiti</span> <span class='ocrx_word' id='word_1_220' title='bbox 882 3121 1251 3186; x_wconf 85' lang='lat' dir='ltr'>stipulationem</span> <span class='ocrx_word' id='word_1_221' title='bbox 1277 3121 1441 3170; x_wconf 89' lang='lat' dir='ltr'>locum</span> <span class='ocrx_word' id='word_1_222' title='bbox 1469 3119 1724 3178; x_wconf 80' lang='lat' dir='ltr'>habuisse,</span> <span class='ocrx_word' id='word_1_223' title='bbox 1767 3119 1902 3167; x_wconf 88' lang='lat' dir='ltr'>testis</span> <span class='ocrx_word' id='word_1_224' title='bbox 1930 3125 2003 3166; x_wconf 83' lang='lat' dir='ltr'>est</span> 
     </span>
     <span class='ocr_line' id='line_1_32' title="bbox 165 3196 1999 3270; baseline 0.003 -27"><span class='ocrx_word' id='word_1_225' title='bbox 165 3196 342 3246; x_wconf 87' lang='lat' dir='ltr'>Suidas</span> <span class='ocrx_word' id='word_1_226' title='bbox 368 3197 418 3245; x_wconf 91' lang='lat' dir='ltr'>in</span> <span class='ocrx_word' id='word_1_227' title='bbox 446 3199 843 3264; x_wconf 69' lang='grc' dir='ltr'>παρακαταβολὴ</span> <span class='ocrx_word' id='word_1_228' title='bbox 864 3239 875 3258; x_wconf 91' lang='grc'>,</span> <span class='ocrx_word' id='word_1_229' title='bbox 904 3204 987 3252; x_wconf 91' lang='lat' dir='ltr'>ubi</span> <span class='ocrx_word' id='word_1_230' title='bbox 1015 3204 1078 3253; x_wconf 87' lang='lat' dir='ltr'>ad</span> <span class='ocrx_word' id='word_1_231' title='bbox 1106 3204 1450 3270; x_wconf 84' lang='lat' dir='ltr'>Aristophanis</span> <span class='ocrx_word' id='word_1_232' title='bbox 1480 3203 1648 3252; x_wconf 89' lang='lat' dir='ltr'>Nubes</span> <span class='ocrx_word' id='word_1_233' title='bbox 1689 3204 1760 3262; x_wconf 75' lang='lat' dir='ltr'>(v.</span> <span class='ocrx_word' id='word_1_234' title='bbox 1795 3202 1999 3250; x_wconf 68' lang='lat'>1255--</span> 
     </span>
     <span class='ocr_line' id='line_1_33' title="bbox 166 3279 2001 3352; baseline 0.002 -25"><span class='ocrx_word' id='word_1_235' title='bbox 166 3280 331 3337; x_wconf 81' lang='grc'><strong>1256)</strong></span> <span class='ocrx_word' id='word_1_236' title='bbox 373 3280 511 3328; x_wconf 84' lang='lat' dir='ltr'>dicit:</span> <span class='ocrx_word' id='word_1_237' title='bbox 566 3279 765 3338; x_wconf 65' lang='grc' dir='ltr'>ἀπολεῖς</span> <span class='ocrx_word' id='word_1_238' title='bbox 802 3288 892 3331; x_wconf 74' lang='grc' dir='ltr'>καὶ</span> <span class='ocrx_word' id='word_1_239' title='bbox 933 3283 993 3331; x_wconf 69' lang='grc' dir='ltr'>τά</span> <span class='ocrx_word' id='word_1_240' title='bbox 1035 3288 1112 3332; x_wconf 64' lang='grc' dir='ltr'>ἐπὶ</span> <span class='ocrx_word' id='word_1_241' title='bbox 1154 3283 1211 3347; x_wconf 49' lang='grc' dir='ltr'>’τῇ</span> <span class='ocrx_word' id='word_1_242' title='bbox 1253 3285 1421 3352; x_wconf 56' lang='grc' dir='ltr'><strong><em>γραφῇ</em></strong></span> <span class='ocrx_word' id='word_1_243' title='bbox 1464 3281 1800 3346; x_wconf 55' lang='grc' dir='ltr'>ἀναλιῖῃιατα,</span> <span class='ocrx_word' id='word_1_244' title='bbox 1837 3281 2001 3346; x_wconf 72' lang='grc' dir='ltr'>μάτην</span> 
     </span>
     <span class='ocr_line' id='line_1_34' title="bbox 163 3359 2001 3431; baseline -0.002 -14"><span class='ocrx_word' id='word_1_245' title='bbox 163 3359 293 3410; x_wconf 67' lang='grc' dir='ltr'>αὖῖᾶ</span> <span class='ocrx_word' id='word_1_246' title='bbox 338 3359 541 3420; x_wconf 65' lang='grc' dir='ltr'>ΠΟΙῆΟὌῑς</span> <span class='ocrx_word' id='word_1_247' title='bbox 573 3403 579 3409; x_wconf 86' lang='lat'><em>-</em></span> <span class='ocrx_word' id='word_1_248' title='bbox 611 3404 618 3413; x_wconf 93' lang='lat'>.</span> <span class='ocrx_word' id='word_1_249' title='bbox 650 3405 656 3411; x_wconf 90' lang='lat'>.</span> <span class='ocrx_word' id='word_1_250' title='bbox 688 3363 715 3413; x_wconf 73' lang='grc' dir='ltr'><em>ὅ</em></span> <span class='ocrx_word' id='word_1_251' title='bbox 750 3371 847 3415; x_wconf 70' lang='grc' dir='ltr'>ἐστι</span> <span class='ocrx_word' id='word_1_252' title='bbox 894 3366 956 3415; x_wconf 72' lang='grc' dir='ltr'>τι)</span> <span class='ocrx_word' id='word_1_253' title='bbox 998 3368 1154 3415; x_wconf 72' lang='grc' dir='ltr'>δέκα</span> <span class='ocrx_word' id='word_1_254' title='bbox 1177 3389 1193 3415; x_wconf 77' lang='lat' dir='ltr'>r</span> <span class='ocrx_word' id='word_1_255' title='bbox 1214 3388 1286 3416; x_wconf 74' lang='lat'>01‘</span> <span class='ocrx_word' id='word_1_256' title='bbox 1329 3390 1393 3416; x_wconf 79' lang='grc' dir='ltr'>τυ</span> <span class='ocrx_word' id='word_1_257' title='bbox 1413 3367 1441 3416; x_wconf 78' lang='grc' dir='ltr'><strong><em>ὗ</em></strong></span> <span class='ocrx_word' id='word_1_258' title='bbox 1483 3388 1589 3431; x_wconf 75' lang='grc' dir='ltr'>τιμ</span> <span class='ocrx_word' id='word_1_259' title='bbox 1613 3365 1682 3431; x_wconf 67' lang='grc' dir='ltr'>ήμ</span> <span class='ocrx_word' id='word_1_260' title='bbox 1703 3386 1732 3414; x_wconf 83' lang='grc' dir='ltr'>α</span> <span class='ocrx_word' id='word_1_261' title='bbox 1753 3389 1772 3414; x_wconf 77' lang='lat' dir='ltr'>r</span> <span class='ocrx_word' id='word_1_262' title='bbox 1792 3388 1855 3421; x_wconf 71' lang='grc' dir='ltr'>ος</span> <span class='ocrx_word' id='word_1_263' title='bbox 1896 3366 2001 3424; x_wconf 72' lang='grc' dir='ltr'>τῆς</span> 
     </span>
    </p>
   </div>
   <div class='ocr_carea' id='block_1_12' title="bbox 164 3441 2001 3515">
    <p class='ocr_par' dir='ltr' id='par_1_13' title="bbox 164 3441 2001 3515">
     <span class='ocr_line' id='line_1_35' title="bbox 164 3441 2001 3515; baseline 0.003 -21"><span class='ocrx_word' id='word_1_264' title='bbox 164 3445 275 3494; x_wconf 59' lang='lat' dir='ltr'>&amp;lx</span> <span class='ocrx_word' id='word_1_265' title='bbox 296 3466 383 3504; x_wconf 69' lang='grc' dir='ltr'>ης,</span> <span class='ocrx_word' id='word_1_266' title='bbox 413 3441 533 3506; x_wconf 55' lang='grc' dir='ltr'>ὅπερ</span> <span class='ocrx_word' id='word_1_267' title='bbox 562 3451 785 3497; x_wconf 62' lang='grc' dir='ltr'>καλεῖται</span> <span class='ocrx_word' id='word_1_268' title='bbox 816 3451 1122 3515; x_wconf 50' lang='lat' dir='ltr'>avron&#39;t&#39;gumg</span> <span class='ocrx_word' id='word_1_269' title='bbox 1151 3448 1561 3515; x_wconf 69' lang='grc' dir='ltr'>παρακαῑιιβωλὴ,</span> <span class='ocrx_word' id='word_1_270' title='bbox 1593 3451 1827 3512; x_wconf 63' lang='lat' dir='ltr'>(Amittes</span> <span class='ocrx_word' id='word_1_271' title='bbox 1856 3453 2001 3501; x_wconf 85' lang='lat' dir='ltr'>etiam</span> 
     </span>
    </p>
   </div>
  </div>
 </body>
</html>
