2161 3673
235 196 299 242 72
958 200 1038 232 Jns
1060 195 1337 230 PUBLICUM.

1085 320 1200 370 281.

374 414 576 465 Patroni
613 426 867 462 causarum
903 413 1019 455 sunt
1054 405 1367 468 magistratus
1407 413 1536 457 sorte
1574 407 1713 469 lecti,
1756 407 1838 473 qui
1861 405 2053 470 logistis

235 501 412 550 adsunt
437 498 500 548 ad
526 492 870 547 examinandas
898 505 1065 538 eorum
1088 488 1325 551 rationes,
1368 489 1449 554 qui
1475 490 1688 555 aliquem
1712 490 2053 554 magistratum

237 587 506 649 gesserunt.

380 729 484 780 Τὸν
507 727 609 776 τῶν
632 723 881 794 λογιστῶν
918 720 1118 788 κήρυκα
1151 720 1362 787 κηρύξαι
1388 719 1446 772 τὸ
1474 722 1690 789 πάτριον
1715 726 1804 773 καὶ
1831 724 2055 790 ἔννομον

235 813 467 882 κήρυγμα
492 809 671 860 τοῦτο·
713 811 818 874 »τίς
843 805 1080 872 βούλεται
1116 808 1466 874 κατηγορεῖν“.

1023 891 1280 953 (Aeschin.
1307 893 1359 942 in
1386 891 1688 959 Ctesiphont.
1716 891 1760 959 ξι.
1788 893 1913 954 23.).

1084 999 1199 1048 282.

373 1087 791 1135 Ratiocinatorum
827 1101 1006 1152 praeco
1045 1084 1260 1151 patrium
1300 1083 1419 1134 illud
1457 1096 1506 1133 et
1542 1084 1817 1149 legitimum
1854 1100 2055 1151 praeco-

235 1172 367 1220 nium
391 1176 619 1236 usurpet:
662 1167 814 1232 „Quis
842 1184 1072 1217 accusare
1099 1166 1293 1215 vult?“.

378 1359 439 1407 Οἱ
465 1352 685 1407 εὔθυνοι
712 1354 1065 1420 εἰσπράσσουσι
1091 1351 1211 1411 τούς
1239 1352 1451 1416 ἔχοντάς
1476 1373 1519 1401 τι
1549 1353 1651 1402 τῶν
1679 1350 1944 1417 δημοσίων.
2031 1408 2035 1409 ⁷

1089 1511 1190 1559 283
1395 1439 1599 1500 (Pollux
1625 1438 1763 1502 VIII,
1794 1440 1916 1500 990.

377 1599 645 1648 Exactores
672 1596 876 1660 exigunt
901 1595 962 1644 ab
989 1594 1072 1656 iis,
1113 1594 1193 1660 qui
1234 1593 1415 1659 aliquid
1455 1593 1516 1643 ad
1542 1593 1795 1659 publicum
1821 1593 2065 1658 aerarium

237 1682 486 1749 pertinens
513 1680 744 1729 detinent.
1094 1748 1196 1796 284

378 1831 471 1881 Σύ
487 1852 518 1881 ν
534 1832 643 1880 δικ
661 1852 687 1880 ο
703 1853 717 1879 ι
733 1870 746 1890 ,
787 1833 835 1879 οἱ
855 1829 982 1895 μετὰ
1009 1827 1070 1878 τά
1098 1834 1159 1879 ἐκ
1185 1829 1463 1893 Πειραιῶς,
1496 1827 1616 1894 πρὸς
1643 1824 1731 1886 οὓς
1757 1827 1817 1878 τά
1845 1828 2059 1894 δημευό-

234 1935 364 1982 μενα
389 1913 706 1980 ἀποφέρεται.

379 1996 524 2065 Πρὸς
547 2005 652 2055 τοῖς
678 1996 940 2053 συνδίκοις
966 1993 1267 2064 ἀπογραφὰς
1293 1993 1626 2063 ἀπογράφειν.

1528 2069 1919 2135 (Harpocratio).

1094 2141 1210 2188 284.
1982 2162 1984 2164 >

380 2227 583 2293 Syndioi
623 2235 736 2292 post
774 2226 983 2274 reditum
1022 2243 1047 2272 e
1087 2224 1288 2272 Piraeeo
1328 2225 1473 2283 fiant,
1523 2224 1585 2273 ad
1622 2241 1742 2289 quos
1781 2240 1958 2273 causae
1999 2224 2060 2272 de

241 2312 382 2361 bonis
408 2311 587 2359 civium
613 2309 873 2375 publicatis
899 2308 1190 2356 referantur.

384 2392 531 2459 Apud
573 2392 801 2458 syndioos
839 2390 1202 2453 designationes
1252 2390 1572 2437 instituantur
1621 2390 1860 2437 bonorum
1910 2392 2061 2454 (quae

245 2484 325 2526 aut
350 2475 647 2543 publicanda
672 2482 785 2524 sunt
809 2481 893 2523 aut
917 2472 1167 2539 publicata
1193 2489 1221 2520 a
1246 2473 1449 2538 privatis
1475 2472 1830 2537 possidentur).

1094 2580 1208 2628 285.

391 2667 644 2729 Κληρωταὶ
685 2661 839 2729 ἁρχαὶ
877 2665 968 2711 καὶ
1006 2658 1334 2727 πρακτόρων,
1375 2663 1625 2727 ἐκλογέων
1650 2664 1739 2709 καί
1766 2658 2061 2729 ἀντιγραφή.

1061 2745 1287 2807 (Bekker
1313 2745 1496 2796 Aneod.
1524 2763 1596 2809 gr.
1624 2747 1660 2796 Ι.
1689 2765 1736 2812 p.
1768 2746 1923 2807 190.).

1099 2841 1214 2889 285.

390 2924 528 2974 Sorte
557 2928 701 2974 creati
728 2926 1040 2992 magistratus
1069 2932 1180 2974 sunt
1206 2925 1350 2973 etiam
1390 2931 1700 2985 executoreS,
1741 2930 1991 2973 coactores
2017 2933 2065 2974 et

251 3007 723 3059 contrarotulatores.

1101 3078 1218 3126 286.

381 3155 544 3208 ’Ὀτου
570 3155 639 3208 ἂν
662 3160 1029 3228 καταγνωσθῇ,
1069 3155 1429 3228 ἐγγραφόντων
1456 3160 1502 3206 οἱ
1530 3154 1800 3221 ἄρχοντες,
1829 3156 1948 3222 πρὸς
1974 3154 2072 3216 οὕς-

256 3237 375 3307 ὂῖνῇ
403 3237 426 3302 ἢ
456 3241 599 3301 δίκη,
639 3249 739 3298 τοῖς
766 3242 1100 3309 πράκτορσιν,
1141 3236 1170 3291 ὃ
1195 3241 1267 3305 τῷ
1293 3239 1514 3306 δημοσίῳ
1540 3243 1780 3308 γίγνεται.

1057 3325 1334 3391 (Demosth.
1362 3325 1470 3376 adv.
1498 3325 1697 3375 Macart.
1729 3324 1918 3387 1075).
