2161 3673
889 221 957 252 DE
982 220 1198 252 ewinus,
1935 209 1968 255 7

127 343 293 394 αὐτοῦ
316 346 391 410 τῷ
412 346 714 409 βουλομένῳ
735 342 1064 404 Ἀθηναίων,
1091 349 1183 393 καὶ
1211 345 1348 393 ἔστιν
1372 343 1675 395 εἰσελθόντα
1702 349 1771 402 εἰς
1799 344 1855 394 τὸ
1885 346 1965 394 δι-

126 427 402 493 καστήριον
427 431 673 495 ἐξελέγξαι
700 422 767 486 ὦς
794 425 897 476 οὐκ
923 426 1060 487 ἄξιός
1087 433 1187 477 ἐστι
1214 427 1296 487 τῆς
1323 426 1521 494 δωρεᾶς,
1551 426 1680 476 ἄλλα
1697 428 1830 494 παρὰ
1847 429 1966 488 τούς

128 509 312 578 νόμους
331 509 614 571 Ἀθηναῖος
642 515 863 581 γέγονεν.
955 514 1236 575 (Demosth.
1264 515 1315 564 in
1341 516 1516 565 Neaer.
1545 534 1593 582 p.
1625 514 1820 578 1375‚).

1009 623 1088 671 18.

267 708 341 756 Ne
381 723 528 773 quem
566 706 728 755 facere
766 706 913 756 liceat
951 704 1332 768 Atheniensem,
1371 706 1466 756 nisi
1498 706 1580 772 qui
1606 714 1814 772 propter
1838 712 1961 755 stre-

124 808 271 840 nuam
310 789 601 841 Atheniensi
652 790 839 856 populo
886 797 1120 839 navatam
1159 807 1363 856 operam
1400 791 1504 839 fieri
1543 790 1663 839 civis
1702 797 1962 839 mereatur.

124 873 317 923 Deinde
343 874 382 921 si
409 890 674 939 persvasus
701 873 848 923 fuerit
873 874 1087 940 populus
1115 873 1400 939 dederitque
1427 892 1634 936 munus,
1676 891 1738 924 ne
1766 874 1828 923 sit
1857 880 1964 922 rata

125 957 400 1022 cooptatio,
427 958 521 1007 nisi
548 958 786 1007 concione
814 957 1039 1022 sequenti
1065 958 1158 1006 viri
1185 957 1390 1022 amplius
1418 975 1504 1007 sex
1531 958 1664 1006 mille
1693 957 1963 1008 Athenien-

124 1043 248 1092 sium
276 1044 478 1092 occultis
505 1044 752 1107 suffragiis
779 1044 1160 1109 comprobarint.
1212 1043 1453 1109 Prytanes
1488 1051 1653 1091 autem
1680 1047 1966 1107 proponant

125 1127 350 1193 capsulas
378 1134 426 1176 et
466 1127 528 1175 ad
568 1127 803 1191 suffragia
841 1126 1001 1176 danda
1042 1126 1361 1175 accedentem
1400 1127 1641 1191 populum
1680 1126 1815 1191 prius
1855 1124 1963 1172 mit-

126 1216 257 1271 tant,
286 1227 432 1274 quam
457 1210 705 1275 peregrini
730 1209 1099 1274 ingrediantur,
1128 1216 1176 1257 et
1202 1215 1361 1256 crates
1388 1208 1591 1269 tollant,
1628 1216 1682 1257 ut
1708 1207 1964 1273 unusquis-

127 1309 219 1358 que
247 1293 320 1341 sui
346 1292 462 1342 iuris
489 1310 656 1342 secum
681 1294 786 1359 ipse
814 1293 1080 1353 deliberet,
1109 1310 1255 1357 quem
1282 1292 1439 1340 civem
1466 1293 1529 1341 sit
1555 1293 1797 1353 facturus,
1838 1292 1964 1340 sitne

127 1393 184 1424 eo
210 1392 412 1424 munere
452 1375 630 1439 dignus
668 1376 710 1424 is
749 1376 831 1441 qui
871 1383 1163 1440 accepturus
1190 1376 1264 1423 sit.
1317 1375 1446 1424 Tum
1473 1376 1733 1441 posthaec
1761 1374 1964 1423 violata-

126 1477 232 1508 rum
255 1460 422 1522 legum
450 1458 575 1507 actio
602 1459 756 1507 cuivis
783 1457 1160 1508 Atheniensium
1199 1461 1249 1507 in
1277 1477 1389 1510 eurn
1415 1459 1584 1521 detur,
1624 1459 1867 1524 liceatque
1893 1457 1965 1505 in-

124 1559 297 1605 gresso
323 1542 374 1589 in
398 1541 629 1591 iudicium
656 1542 936 1603 revincere,
978 1560 1080 1591 non
1119 1542 1324 1606 dignum
1351 1560 1456 1592 esse
1486 1560 1597 1591 eum
1624 1558 1828 1591 munere
1854 1541 1966 1600 illo,

125 1624 211 1674 sed
238 1632 410 1675 contra
435 1626 572 1690 leges
599 1624 956 1675 Atheniensem
983 1626 1183 1676 factum.

1012 1734 1091 1782 19.

254 1823 445 1882 ‘'Ooovg
472 1822 539 1874 ἂν
567 1824 823 1886 ποιήσηται
853 1822 880 1876 ὁ
914 1825 1068 1890 δῆμος
1096 1821 1122 1875 ό
1149 1823 1451 1885 Ἀθηναίων
1490 1828 1725 1883 πολίτας,
1761 1823 1831 1889 μὴ
1861 1828 1966 1885 ἑξέ-

124 1927 220 1958 στω
248 1906 421 1966 αὐτοῖς
448 1910 550 1958 τῶν
576 1914 719 1958 ἐννέα
748 1908 1016 1974 ἀρχόντων
1042 1913 1279 1978 γενέσθαι
1299 1949 1312 1967 ,
1347 1909 1471 1973 μηδὲ
1513 1911 1780 1972 ἱερωσύνης
1808 1908 1965 1973 μηδε-

120 1993 239 2056 μιᾶς
260 2001 559 2056 μετασχεῖν·
603 2001 705 2050 τοῖς
733 1993 777 2041 δ’
805 2000 864 2043 ἐκ
891 1991 1087 2043 τούτων
1114 1997 1287 2052 ἐξέστω
1306 2032 1318 2051 ,
1363 1990 1454 2042 ἐὰν
1481 1987 1603 2041 οἷσιν
1631 1998 1691 2041 ἐκ
1717 1990 1966 2060 γυναικὸς

124 2075 270 2137 ἀστῆς
298 2080 387 2125 καὶ
415 2077 650 2145 ἐγγυητῆς
678 2076 812 2126 κατὰ
840 2076 932 2127 τὸν
958 2076 1136 2142 νόμον.

1039 2163 1316 2224 (Demosth.
1346 2164 1395 2211 in
1424 2164 1596 2212 Neaer.
1631 2162 1821 2221 1376.)

1009 2272 1086 2320 19.

267 2369 596 2434 Quoscunque
630 2368 842 2435 populus
874 2368 1190 2418 Atheniensis
1217 2369 1349 2417 cives
1382 2369 1576 2428 fecerit,
1618 2386 1700 2416 eos
1727 2386 1828 2416 non
1855 2368 1967 2417 licet

123 2455 172 2502 in
200 2469 382 2501 novem
408 2452 667 2501 archontes
696 2460 931 2518 cooptare
957 2461 1041 2501 aut
1069 2453 1213 2501 ullius
1254 2453 1511 2501 sacerdotii
1541 2469 1645 2500 esse
1674 2451 1965 2516 participes,

124 2537 334 2602 posteris
360 2545 524 2584 autem
551 2554 721 2584 eorum
748 2537 819 2585 fas
860 2537 946 2597 sit,
990 2537 1028 2585 si
1069 2538 1167 2585 sint
1209 2556 1231 2585 e
1274 2537 1476 2584 muliere
1517 2535 1621 2583 cive
1663 2543 1709 2583 et
1749 2534 1963 2597 legitime

124 2621 385 2686 desponsa.

1007 2692 1087 2740 20.

268 2788 556 2840 Πλαταιέας
583 2783 714 2834 ,εἶναι
736 2784 1053 2844 Ἀθηναίους
1081 2782 1180 2833 ἀπὸ
1211 2782 1352 2842 τῆσδε
1382 2783 1462 2841 τῆς
1491 2777 1691 2846 ἡμέρας,
1731 2786 1965 2845 ἐντίμους

127 2866 364 2933 καθάπὲρ
404 2870 449 2916 οἱ
490 2864 635 2916 ἄλλοι
667 2866 974 2928 Ἀθηναῖοι,
1016 2873 1105 2917 καὶ
1141 2875 1366 2931 μετεῖναι
1409 2864 1582 2922 αὐτοῖς
1610 2859 1963 2930 ιιῖνπερἈθη-

128 2956 290 3009 ναίοις
312 2956 505 3015 μέτεστι
536 2954 767 3010 πάντων,
798 2955 887 3000 καὶ
915 2952 1063 3016 ἱερῶν
1089 2955 1178 2999 καί
1208 2946 1391 3007 ὁσίων,
1429 2947 1554 3009 πλήν
1581 2949 1698 3006 «εἴτις
1725 2948 1963 3015 ἱερωσύνη

128 3034 156 3096 ἢ
182 3036 347 3096 τελετή
391 3041 526 3085 ἐστιν
565 3041 625 3084 ἐκ
660 3040 865 3104 γένους,
901 3036 1024 3100 μηδὲ
1065 3035 1168 3083 τῶν
1195 3037 1336 3086 ἐννέα
1366 3031 1661 3096 ἀρχόντων,
1703 3041 1806 3090 τοῖς
1835 3033 1878 3081 δ’
1906 3039 1966 3081 ἐκ

127 3118 339 3169 τούτων.
394 3124 709 3183 Κατανιῖμαι
752 3119 800 3168 δὲ
843 3118 961 3176 τούς
989 3121 1276 3173 Πλαταιέας
1308 3120 1376 3174 εἰς
1404 3114 1521 3174 τούς
1549 3116 1734 3181 δήμυυς
1761 3120 1849 3165 καὶ
1879 3114 1964 3171 τὰς

129 3202 319 3265 φυλάς,
372 3201 575 3252 ἐπειδὰν
615 3201 663 3251 δὲ
705 3204 989 3266 νψηθῶσι,
1045 3200 1111 3264 μὴ
1153 3205 1327 3259 ἐξέστω
1369 3203 1438 3249 ἔτι
1472 3199 1744 3265 Ἀθηναίῳ
1784 3200 1960 3264 μηδενί

130 3290 398 3353 γίγνεσθαι
429 3291 759 3345 Πλαταιέων,
796 3286 863 3349 μὴ
893 3283 1150 3351 ιὺρόμὲνῳ
1186 3283 1318 3349 παρὰ
1359 3286 1454 3334 τοῦ
1493 3283 1653 3349 δήμου
1681 3285 1774 3333 τοῦ
1797 3283 1962 3342 Ἀθη-

132 3373 302 3419 ναίων.
1039 3370 1317 3432 (Demost-h.
1344 3373 1395 3420 in
1423 3373 1595 3421 Neaer.
1629 3372 1819 3430 1380.)
