2161 3673
538 198 666 230 m‘rrs
695 198 784 229 VIA
814 197 864 230 IN
893 196 1062 229 mosis
1091 196 1439 230 CAPITALIBUS.
1800 180 1901 230 209

69 325 182 375 dam
220 325 502 375 consobrini
544 332 591 373 et
630 324 1040 373 consobrinorum
1091 326 1234 374 liberi
1280 333 1328 374 et
1364 325 1535 389 generi
1577 331 1625 372 et
1664 325 1818 372 soceri
1857 333 1905 374 et

68 409 338 474 phratores.
389 408 476 458 Sin
504 425 614 456 cum
640 426 696 456 co
726 407 1029 456 redeundum
1056 410 1106 456 in
1134 410 1344 473 gratiam
1380 408 1551 467 fuerit,
1595 409 1634 456 si
1661 415 1802 473 pater
1827 425 1904 456 su-

68 500 259 557 perstes
299 493 388 541 erit
427 499 510 540 aut
548 492 699 540 frater
738 498 822 539 aut
850 491 962 551 filii,
1005 493 1246 553 omnium,
1287 501 1370 540 aut
1398 492 1501 556 ejus
1529 491 1611 555 qui
1641 491 1902 556 prohibet,

67 575 230 624 valeat
256 576 533 625 auctoritas.
586 573 672 622 Sin
711 574 884 622 horum
922 591 1063 622 nemo
1104 576 1221 635 erit,
1267 583 1314 623 et
1349 573 1549 624 caedem
1588 574 1771 622 invitus
1798 573 1905 638 quis

67 659 256 721 fecerit,
286 667 334 707 et
359 657 717 723 quinquaginta
744 675 889 713 unus,
919 674 1005 705 seu
1033 658 1259 722 ephetae,
1290 657 1662 722 pronunciarint
1697 657 1907 705 invitum

67 742 239 791 fecisse
267 742 493 798 caedem,
533 741 728 788 veniam
756 740 906 788 danto
934 740 1216 804 phratoreS,
1261 742 1299 789 si
1328 742 1524 802 volent,
1566 740 1750 789 decem.
1801 738 1906 787 Hos

68 833 230 874 autem
267 824 625 891 quinquaginta
665 832 712 871 et
750 841 873 872 unus
909 840 969 872 ex
993 825 1190 890 optimis
1219 825 1416 888 eligant.
1474 825 1634 872 Etiam
1662 823 1743 887 qui
1771 822 1906 887 prius

68 909 269 958 caedem
296 909 543 967 fecerunt,
583 908 673 955 hac
701 908 954 956 sanctione
986 916 1260 956 teneantur.

214 1095 303 1156 Μὴ
356 1093 748 1164 ἀπογράφεσθαι
803 1092 895 1145 τὸν
945 1098 1252 1152 κτείναντα,
1307 1098 1426 1159 πρὶν
1464 1093 1555 1153 τήν
1595 1098 1772 1143 οἰκίαν
1810 1093 1903 1142 τοῦ

69 1180 430 1236 ἀποθανόντος
456 1179 685 1243 καθᾶραι
715 1182 803 1226 καὶ
832 1176 893 1225 τά
922 1177 1231 1241 ’νοιιιιζομειά
1259 1178 1477 1236 ποιῆσαι.

804 1263 1102 1327 (Antiphon.
1131 1281 1279 1328 super
1306 1262 1554 1312 choreuta.
1583 1260 1625 1328 ξ.
1659 1264 1766 1324 37.)

929 1370 1046 1418 831.

213 1457 284 1506 Ne
326 1457 572 1506 deferatur
610 1472 790 1504 nomen
829 1454 1184 1513 interfectoris,
1225 1455 1357 1519 prius
1384 1472 1528 1519 quam
1557 1454 1730 1502 domus
1759 1454 1907 1501 inter-

72 1542 184 1592 fecti
209 1543 417 1590 lustrata
434 1540 665 1605 justaque
693 1537 918 1587 funebria
946 1546 1145 1604 peracta
1171 1538 1365 1586 fuerint.

215 1744 302 1790 Δεῖ
337 1737 427 1788 τὸν
472 1741 706 1804 βασιλέα,
760 1736 924 1796 ἐπειδὴ
980 1736 1314 1805 ἀπεγράψατο
1332 1775 1344 1795 ,
1400 1744 1527 1802 τρεῖς
1579 1735 1909 1802 προδικασίας

72 1829 327 1875 ποιεῖσθαι
357 1829 412 1873 ἐν
438 1827 564 1888 τρισὶ
588 1826 707 1887 μησὶ
727 1861 737 1880 ,
779 1820 873 1880 τὴν
901 1821 1052 1880 δίκην
1080 1820 1124 1868 δ’
1153 1820 1378 1889 εἰσάγειν
1404 1820 1623 1886 τετάρτῳ
1648 1825 1787 1885 μηνί,

809 1909 1094 1974 (Antiphon
1121 1925 1271 1974 super
1299 1907 1557 1957 Choreuta.
1587 1905 1629 1973 ξ.
1659 1908 1768 1967 42.)

935 2018 1051 2065 832.

215 2102 404 2166 Regem
430 2119 706 2163 sacrorum,
743 2101 957 2150 admissa
983 2102 1053 2150 rei
1081 2100 1346 2161 delatione,
1377 2107 1570 2166 oportet
1596 2101 1690 2149 tria
1716 2101 1907 2167 praeju-

75 2187 200 2236 dicia
240 2188 363 2246 (tres
392 2186 698 2249 cognitiones
727 2187 930 2244 causae)
972 2184 1177 2233 totidem
1216 2185 1467 2232 mensibus
1507 2184 1734 2233 distincta
1773 2184 1906 2232 insti-

74 2278 237 2333 tuere,
268 2278 315 2318 et
341 2276 514 2333 quarto
543 2269 736 2316 demum
763 2285 930 2316 mense
959 2268 1204 2316 actionem
1232 2267 1552 2316 introducere.

219 2459 277 2506 Oi
306 2456 402 2525 γάρ
428 2456 514 2513 τὰς
541 2462 619 2506 ἐπὶ
647 2456 794 2522 φόνῳ
836 2456 983 2513 δίκας
1018 2454 1392 2525 ἐγκαλούμενοι
1419 2460 1474 2503 ἐν
1501 2457 1785 2519 πρυτανείῳ
1813 2452 1907 2519 πρὸ

73 2541 155 2601 τῆς
183 2540 325 2600 δίκης
352 2540 670 2590 διατελοῦσιν
696 2545 775 2590 ἐπὶ
803 2549 929 2605 τρεῖς
951 2541 1142 2605 μῆνας·
1183 2545 1236 2588 ἐν
1276 2537 1349 2595 οἷς
1386 2544 1436 2597 ἐξ
1465 2542 1703 2602 ἑκατέρου
1725 2543 1906 2603 μέρους

75 2625 218 2693 λόγοι
248 2625 587 2692 προάγονται·
628 2625 782 2673 τοῦτο
812 2623 854 2672 δ’
885 2628 984 2672 ἐστὶ
1016 2644 1089 2687 πρ
1109 2622 1302 2671 οδικα
1321 2627 1440 2670 σία.
1518 2623 1764 2685 (Suidas.)

221 2818 314 2878 Qui
347 2812 477 2866 enim
516 2819 678 2867 caedis
716 2827 1035 2879 accusantur,
1076 2818 1126 2865 in
1166 2823 1408 2881 prytaneo
1450 2832 1537 2879 per
1575 2821 1673 2864 tres
1712 2831 1905 2865 menses

78 2910 189 2951 ante
209 2902 451 2967 judicium
478 2910 794 2967 permanent3
834 2919 988 2967 eoque
1023 2910 1245 2965 tempore
1274 2900 1335 2947 ab
1362 2907 1566 2962 utraque
1592 2905 1729 2964 parte
1758 2899 1903 2946 ratio-

78 3003 164 3035 nes
191 2987 240 3035 in
267 2986 482 3034 medium
509 2986 851 3051 proferuntur3
891 2985 1022 3049 quod
1051 3003 1081 3049 p
1098 3000 1200 3032 rae
1210 3002 1229 3047 J
1248 3000 1277 3029 u
1295 2981 1529 3029 dicium
1557 2990 1773 3031 vocatur.

207 3171 381 3231 ’Ὀστις
416 3177 725 3232 καθίστησιν
763 3170 1003 3240 ἐγγυητάς
1044 3176 1197 3234 τρεῖς,
1235 3167 1423 3231 μηδένα
1450 3167 1648 3218 τούτων
1675 3169 1901 3228 δεθῆναι.

82 3261 181 3305 Καὶ
219 3256 339 3314 τούς
378 3255 666 3323 ἐπιμελητάς
708 3254 808 3303 τῶν
862 3252 1174 3319 κακούργων
1212 3251 1284 3315 τῷ
1322 3250 1463 3317 αὐτῷ
1493 3253 1721 3315 χρῆσθαι
1761 3251 1904 3315 νόμῳ

82 3338 259 3404 τούτῳ.
800 3339 1079 3403 (Antiphon
1107 3337 1165 3385 de
1194 3336 1343 3386 caede
1370 3336 1553 3386 Herod.
1583 3335 1625 3401 ξ.
1657 3337 1763 3395 17.)

1573 3420 1626 3459 14
