<?xml version="1.0" encoding="UTF-8"?>
<!DOCTYPE html PUBLIC "-//W3C//DTD XHTML 1.0 Transitional//EN"
    "http://www.w3.org/TR/xhtml1/DTD/xhtml1-transitional.dtd">
<html xmlns="http://www.w3.org/1999/xhtml" xml:lang="en" lang="en">
 <head>
  <title>
</title>
<meta http-equiv="Content-Type" content="text/html;charset=utf-8" />
  <meta name='ocr-system' content='tesseract 3.04.00' />
  <meta name='ocr-capabilities' content='ocr_page ocr_carea ocr_par ocr_line ocrx_word'/>
</head>
<body>
  <div class='ocr_page' id='page_1' title='image "./synaggtnattiknno00tluoft_0454.png"; bbox 0 0 2114 3642; ppageno 0'>
   <div class='ocr_carea' id='block_1_1' title="bbox 164 232 1372 279">
    <p class='ocr_par' dir='ltr' id='par_1_1' title="bbox 164 232 1372 279">
     <span class='ocr_line' id='line_1_1' title="bbox 164 232 1372 279; baseline -0.006 0"><span class='ocrx_word' id='word_1_1' title='bbox 164 232 266 279; x_wconf 79' lang='lat'>428</span> <span class='ocrx_word' id='word_1_2' title='bbox 788 241 969 272; x_wconf 59' lang='lat' dir='ltr'>coMME</span> <span class='ocrx_word' id='word_1_3' title='bbox 980 240 1070 271; x_wconf 40' lang='lat' dir='ltr'>stra</span> <span class='ocrx_word' id='word_1_4' title='bbox 1083 241 1192 271; x_wconf 58' lang='lat' dir='ltr'>awa</span> <span class='ocrx_word' id='word_1_5' title='bbox 1226 240 1247 270; x_wconf 67' lang='lat' dir='ltr'>A</span> <span class='ocrx_word' id='word_1_6' title='bbox 1260 242 1288 270; x_wconf 88' lang='lat' dir='ltr'>n</span> <span class='ocrx_word' id='word_1_7' title='bbox 1316 240 1372 272; x_wconf 63' lang='lat' dir='ltr'>sa.</span> 
     </span>
    </p>
   </div>
   <div class='ocr_carea' id='block_1_2' title="bbox 160 364 1997 1125">
    <p class='ocr_par' dir='ltr' id='par_1_2' title="bbox 162 364 1997 525">
     <span class='ocr_line' id='line_1_2' title="bbox 162 364 1997 441; baseline -0.006 -16"><span class='ocrx_word' id='word_1_8' title='bbox 162 375 399 441; x_wconf 86' lang='lat' dir='ltr'>populum</span> <span class='ocrx_word' id='word_1_9' title='bbox 427 378 723 427; x_wconf 83' lang='lat' dir='ltr'>convocant,</span> <span class='ocrx_word' id='word_1_10' title='bbox 753 368 1063 417; x_wconf 79' lang='lat' dir='ltr'>Praefectum</span> <span class='ocrx_word' id='word_1_11' title='bbox 1091 384 1115 414; x_wconf 83' lang='lat' dir='ltr'>e</span> <span class='ocrx_word' id='word_1_12' title='bbox 1145 365 1360 431; x_wconf 88' lang='lat' dir='ltr'>qualibet</span> <span class='ocrx_word' id='word_1_13' title='bbox 1387 366 1516 414; x_wconf 89' lang='lat' dir='ltr'>tribu</span> <span class='ocrx_word' id='word_1_14' title='bbox 1543 382 1694 413; x_wconf 88' lang='lat' dir='ltr'>unum</span> <span class='ocrx_word' id='word_1_15' title='bbox 1722 364 1997 430; x_wconf 75' lang='lat' dir='ltr'>praesidem</span> 
     </span>
     <span class='ocr_line' id='line_1_3' title="bbox 163 449 1821 525; baseline -0.006 -18"><span class='ocrx_word' id='word_1_16' title='bbox 163 459 478 525; x_wconf 77' lang='lat' dir='ltr'>(proedrum)</span> <span class='ocrx_word' id='word_1_17' title='bbox 507 463 634 504; x_wconf 77' lang='lat' dir='ltr'>sorte</span> <span class='ocrx_word' id='word_1_18' title='bbox 663 470 866 517; x_wconf 76' lang='lat' dir='ltr'>capere,</span> <span class='ocrx_word' id='word_1_19' title='bbox 907 458 1115 515; x_wconf 76' lang='lat' dir='ltr'>excepta</span> <span class='ocrx_word' id='word_1_20' title='bbox 1142 450 1271 497; x_wconf 84' lang='lat' dir='ltr'>tribu</span> <span class='ocrx_word' id='word_1_21' title='bbox 1299 449 1579 515; x_wconf 74' lang='lat' dir='ltr'>prytaniam</span> <span class='ocrx_word' id='word_1_22' title='bbox 1605 457 1821 511; x_wconf 78' lang='lat' dir='ltr'>gerente.</span> 
     </span>
    </p>

    <p class='ocr_par' dir='ltr' id='par_1_3' title="bbox 160 538 1997 947">
     <span class='ocr_line' id='line_1_4' title="bbox 305 538 1996 616; baseline -0.008 -16"><span class='ocrx_word' id='word_1_23' title='bbox 305 552 544 616; x_wconf 69' lang='lat' dir='ltr'>Anonymi</span> <span class='ocrx_word' id='word_1_24' title='bbox 586 565 773 610; x_wconf 78' lang='lat' dir='ltr'>argum.</span> <span class='ocrx_word' id='word_1_25' title='bbox 814 548 862 594; x_wconf 85' lang='lat' dir='ltr'>in</span> <span class='ocrx_word' id='word_1_26' title='bbox 902 545 1222 595; x_wconf 77' lang='lat' dir='ltr'>Demosthen.</span> <span class='ocrx_word' id='word_1_27' title='bbox 1271 544 1556 593; x_wconf 81' lang='lat' dir='ltr'>Androtion.</span> <span class='ocrx_word' id='word_1_28' title='bbox 1597 562 1642 609; x_wconf 94' lang='lat' dir='ltr'>p.</span> <span class='ocrx_word' id='word_1_29' title='bbox 1675 544 1801 591; x_wconf 87' lang='lat'>590:</span> <span class='ocrx_word' id='word_1_30' title='bbox 1842 538 1996 596; x_wconf 82' lang='grc' dir='ltr'><em>αὐτὸς</em></span> 
     </span>
     <span class='ocr_line' id='line_1_5' title="bbox 162 622 1996 693; baseline -0.005 -12"><span class='ocrx_word' id='word_1_31' title='bbox 162 634 246 690; x_wconf 72' lang='grc' dir='ltr'>τὰς</span> <span class='ocrx_word' id='word_1_32' title='bbox 274 638 407 688; x_wconf 64' lang='grc' dir='ltr'>πλε-,ἴς</span> <span class='ocrx_word' id='word_1_33' title='bbox 433 631 516 689; x_wconf 68' lang='grc' dir='ltr'>τῆς</span> <span class='ocrx_word' id='word_1_34' title='bbox 543 627 865 693; x_wconf 70' lang='grc' dir='ltr'><em>ἀκροπόλεως</em></span> <span class='ocrx_word' id='word_1_35' title='bbox 892 625 1174 676; x_wconf 68' lang='grc' dir='ltr'><strong><em>ἐπιστεύετο</em></strong></span> <span class='ocrx_word' id='word_1_36' title='bbox 1193 665 1203 683; x_wconf 86' lang='grc'><em>,</em></span> <span class='ocrx_word' id='word_1_37' title='bbox 1249 629 1338 673; x_wconf 74' lang='grc' dir='ltr'>καὶ</span> <span class='ocrx_word' id='word_1_38' title='bbox 1378 624 1541 673; x_wconf 72' lang='grc' dir='ltr'><em>πάντα</em></span> <span class='ocrx_word' id='word_1_39' title='bbox 1568 622 1628 672; x_wconf 70' lang='grc' dir='ltr'>τὰ</span> <span class='ocrx_word' id='word_1_40' title='bbox 1650 623 1888 689; x_wconf 70' lang='grc' dir='ltr'><em>χρήματα</em></span> <span class='ocrx_word' id='word_1_41' title='bbox 1915 623 1996 682; x_wconf 78' lang='grc' dir='ltr'>τῆς</span> 
     </span>
     <span class='ocr_line' id='line_1_6' title="bbox 164 709 1997 777; baseline -0.004 -12"><span class='ocrx_word' id='word_1_42' title='bbox 164 717 360 773; x_wconf 72' lang='grc' dir='ltr'><strong><em>πόλεως.</em></strong></span> <span class='ocrx_word' id='word_1_43' title='bbox 415 717 568 777; x_wconf 83' lang='lat' dir='ltr'>(Huic</span> <span class='ocrx_word' id='word_1_44' title='bbox 596 714 1024 763; x_wconf 80' lang='lat' dir='ltr'>conci-edebantur</span> <span class='ocrx_word' id='word_1_45' title='bbox 1057 712 1217 760; x_wconf 83' lang='lat' dir='ltr'>claves</span> <span class='ocrx_word' id='word_1_46' title='bbox 1245 712 1531 776; x_wconf 74' lang='lat' dir='ltr'>acropoleos</span> <span class='ocrx_word' id='word_1_47' title='bbox 1560 718 1607 758; x_wconf 90' lang='lat' dir='ltr'>et</span> <span class='ocrx_word' id='word_1_48' title='bbox 1633 727 1803 759; x_wconf 90' lang='lat' dir='ltr'>omnes</span> <span class='ocrx_word' id='word_1_49' title='bbox 1830 709 1997 758; x_wconf 88' lang='lat' dir='ltr'>civita-</span> 
     </span>
     <span class='ocr_line' id='line_1_7' title="bbox 161 793 1997 867; baseline -0.005 -18"><span class='ocrx_word' id='word_1_50' title='bbox 161 804 219 849; x_wconf 90' lang='lat' dir='ltr'>tis</span> <span class='ocrx_word' id='word_1_51' title='bbox 245 800 521 867; x_wconf 83' lang='lat' dir='ltr'>pecuniae.)</span> <span class='ocrx_word' id='word_1_52' title='bbox 574 799 702 847; x_wconf 90' lang='lat' dir='ltr'>Hinc</span> <span class='ocrx_word' id='word_1_53' title='bbox 742 805 907 846; x_wconf 88' lang='lat' dir='ltr'>tamen</span> <span class='ocrx_word' id='word_1_54' title='bbox 950 813 1048 843; x_wconf 91' lang='lat' dir='ltr'>non</span> <span class='ocrx_word' id='word_1_55' title='bbox 1090 796 1336 859; x_wconf 89' lang='lat' dir='ltr'>sequitur,</span> <span class='ocrx_word' id='word_1_56' title='bbox 1379 794 1532 842; x_wconf 89' lang='lat' dir='ltr'>cidem</span> <span class='ocrx_word' id='word_1_57' title='bbox 1574 794 1809 858; x_wconf 83' lang='lat' dir='ltr'>epistatae</span> <span class='ocrx_word' id='word_1_58' title='bbox 1851 793 1997 841; x_wconf 90' lang='lat' dir='ltr'>etiam</span> 
     </span>
     <span class='ocr_line' id='line_1_8' title="bbox 160 877 1703 947; baseline -0.005 -14"><span class='ocrx_word' id='word_1_59' title='bbox 160 883 631 934; x_wconf 75' lang='lat' dir='ltr'>administrationem</span> <span class='ocrx_word' id='word_1_60' title='bbox 660 882 897 947; x_wconf 90' lang='lat' dir='ltr'>pecuniae</span> <span class='ocrx_word' id='word_1_61' title='bbox 926 880 1151 946; x_wconf 86' lang='lat' dir='ltr'>publicae</span> <span class='ocrx_word' id='word_1_62' title='bbox 1180 877 1511 926; x_wconf 76' lang='lat' dir='ltr'>concreditam</span> <span class='ocrx_word' id='word_1_63' title='bbox 1539 878 1703 926; x_wconf 86' lang='lat' dir='ltr'>fuisse.</span> 
     </span>
    </p>

    <p class='ocr_par' dir='ltr' id='par_1_4' title="bbox 161 969 1995 1125">
     <span class='ocr_line' id='line_1_9' title="bbox 300 969 1995 1043; baseline -0.005 -16"><span class='ocrx_word' id='word_1_64' title='bbox 300 977 439 1027; x_wconf 82' lang='lat' dir='ltr'>Alter</span> <span class='ocrx_word' id='word_1_65' title='bbox 465 978 699 1043; x_wconf 89' lang='lat' dir='ltr'>epistata,</span> <span class='ocrx_word' id='word_1_66' title='bbox 731 977 789 1025; x_wconf 92' lang='lat' dir='ltr'>de</span> <span class='ocrx_word' id='word_1_67' title='bbox 819 994 915 1041; x_wconf 90' lang='lat' dir='ltr'>quo</span> <span class='ocrx_word' id='word_1_68' title='bbox 942 975 1020 1024; x_wconf 91' lang='lat' dir='ltr'>hic</span> <span class='ocrx_word' id='word_1_69' title='bbox 1046 975 1233 1041; x_wconf 81' lang='lat' dir='ltr'>agitur,</span> <span class='ocrx_word' id='word_1_70' title='bbox 1270 973 1522 1022; x_wconf 89' lang='lat' dir='ltr'>institutus</span> <span class='ocrx_word' id='word_1_71' title='bbox 1551 980 1623 1021; x_wconf 87' lang='lat' dir='ltr'>est</span> <span class='ocrx_word' id='word_1_72' title='bbox 1649 973 1776 1020; x_wconf 89' lang='lat' dir='ltr'>inter</span> <span class='ocrx_word' id='word_1_73' title='bbox 1802 969 1995 1037; x_wconf 79' lang='lat' dir='ltr'>Olymp.</span> 
     </span>
     <span class='ocr_line' id='line_1_10' title="bbox 161 1055 1640 1125; baseline -0.004 -16"><span class='ocrx_word' id='word_1_74' title='bbox 161 1063 273 1125; x_wconf 82' lang='lat'>100,</span> <span class='ocrx_word' id='word_1_75' title='bbox 303 1063 333 1110; x_wconf 88' lang='grc'><strong>3</strong></span> <span class='ocrx_word' id='word_1_76' title='bbox 362 1069 410 1110; x_wconf 91' lang='lat' dir='ltr'>et</span> <span class='ocrx_word' id='word_1_77' title='bbox 440 1062 555 1122; x_wconf 83' lang='lat'>102,</span> <span class='ocrx_word' id='word_1_78' title='bbox 585 1062 630 1108; x_wconf 83' lang='grc'>4.</span> <span class='ocrx_word' id='word_1_79' title='bbox 673 1060 926 1120; x_wconf 89' lang='lat' dir='ltr'>(Meier,</span> <span class='ocrx_word' id='word_1_80' title='bbox 969 1058 1040 1107; x_wconf 88' lang='lat' dir='ltr'>de</span> <span class='ocrx_word' id='word_1_81' title='bbox 1080 1057 1344 1124; x_wconf 86' lang='lat' dir='ltr'>epistat.</span> <span class='ocrx_word' id='word_1_82' title='bbox 1385 1055 1640 1115; x_wconf 84' lang='lat' dir='ltr'>Athen.)</span> 
     </span>
    </p>
   </div>
   <div class='ocr_carea' id='block_1_3' title="bbox 156 1155 1998 1816">
    <p class='ocr_par' dir='ltr' id='par_1_5' title="bbox 156 1155 1998 1816">
     <span class='ocr_line' id='line_1_11' title="bbox 299 1155 1997 1230; baseline -0.007 -13"><span class='ocrx_word' id='word_1_83' title='bbox 299 1167 521 1217; x_wconf 89' lang='lat' dir='ltr'>Bekker:</span> <span class='ocrx_word' id='word_1_84' title='bbox 563 1166 745 1216; x_wconf 89' lang='lat' dir='ltr'>Anecd.</span> <span class='ocrx_word' id='word_1_85' title='bbox 786 1184 859 1230; x_wconf 80' lang='lat' dir='ltr'>gr.</span> <span class='ocrx_word' id='word_1_86' title='bbox 895 1166 929 1214; x_wconf 94' lang='lat' dir='ltr'>I.</span> <span class='ocrx_word' id='word_1_87' title='bbox 971 1184 1017 1230; x_wconf 87' lang='lat' dir='ltr'>p.</span> <span class='ocrx_word' id='word_1_88' title='bbox 1049 1165 1175 1212; x_wconf 76' lang='lat'><strong>244:</strong></span> <span class='ocrx_word' id='word_1_89' title='bbox 1222 1159 1544 1219; x_wconf 79' lang='grc' dir='ltr'><em>Ἐπιστάτης·</em></span> <span class='ocrx_word' id='word_1_90' title='bbox 1584 1155 1760 1225; x_wconf 72' lang='grc' dir='ltr'><em>ἄρχων</em></span> <span class='ocrx_word' id='word_1_91' title='bbox 1799 1162 1878 1209; x_wconf 79' lang='grc' dir='ltr'>ἐπὶ</span> <span class='ocrx_word' id='word_1_92' title='bbox 1918 1157 1997 1217; x_wconf 75' lang='grc' dir='ltr'>τῆς</span> 
     </span>
     <span class='ocr_line' id='line_1_12' title="bbox 158 1239 1997 1314; baseline -0.004 -16"><span class='ocrx_word' id='word_1_93' title='bbox 158 1249 348 1314; x_wconf 72' lang='grc' dir='ltr'><em>βουλῆς</em></span> <span class='ocrx_word' id='word_1_94' title='bbox 374 1246 658 1312; x_wconf 67' lang='grc' dir='ltr'><em>κληρωτὸς,</em></span> <span class='ocrx_word' id='word_1_95' title='bbox 698 1241 725 1296; x_wconf 77' lang='grc' dir='ltr'>ὁ</span> <span class='ocrx_word' id='word_1_96' title='bbox 754 1243 970 1308; x_wconf 68' lang='grc' dir='ltr'>ἐφεστώς</span> <span class='ocrx_word' id='word_1_97' title='bbox 1008 1252 1112 1300; x_wconf 79' lang='grc' dir='ltr'><em>τοῖς</em></span> <span class='ocrx_word' id='word_1_98' title='bbox 1154 1239 1253 1293; x_wconf 71' lang='grc' dir='ltr'>ὑπὸ</span> <span class='ocrx_word' id='word_1_99' title='bbox 1289 1242 1493 1292; x_wconf 78' lang='grc' dir='ltr'><em>πάντων</em></span> <span class='ocrx_word' id='word_1_100' title='bbox 1517 1243 1814 1308; x_wconf 73' lang='grc' dir='ltr'><em>βουλευτῶν</em></span> <span class='ocrx_word' id='word_1_101' title='bbox 1841 1262 1997 1307; x_wconf 82' lang='grc' dir='ltr'><em>πρατ-</em></span> 
     </span>
     <span class='ocr_line' id='line_1_13' title="bbox 157 1325 1996 1397; baseline -0.004 -16"><span class='ocrx_word' id='word_1_102' title='bbox 157 1336 398 1397; x_wconf 72' lang='grc' dir='ltr'><em>τομένοις.</em></span> <span class='ocrx_word' id='word_1_103' title='bbox 456 1334 567 1379; x_wconf 74' lang='grc' dir='ltr'><em>Εἰσὶ</em></span> <span class='ocrx_word' id='word_1_104' title='bbox 608 1330 656 1379; x_wconf 67' lang='grc' dir='ltr'>δὲ</span> <span class='ocrx_word' id='word_1_105' title='bbox 700 1329 822 1387; x_wconf 78' lang='grc' dir='ltr'><em>δύο,</em></span> <span class='ocrx_word' id='word_1_106' title='bbox 869 1326 936 1384; x_wconf 71' lang='grc' dir='ltr'>εἷς</span> <span class='ocrx_word' id='word_1_107' title='bbox 965 1330 1062 1391; x_wconf 71' lang='grc' dir='ltr'>μὲν</span> <span class='ocrx_word' id='word_1_108' title='bbox 1088 1332 1148 1375; x_wconf 70' lang='grc' dir='ltr'>ἐκ</span> <span class='ocrx_word' id='word_1_109' title='bbox 1176 1329 1276 1376; x_wconf 77' lang='grc' dir='ltr'>τῶν</span> <span class='ocrx_word' id='word_1_110' title='bbox 1304 1326 1597 1391; x_wconf 74' lang='grc' dir='ltr'><em>πρυτάνεων</em></span> <span class='ocrx_word' id='word_1_111' title='bbox 1623 1325 1996 1391; x_wconf 71' lang='grc' dir='ltr'>κληρούμενος,</span> 
     </span>
     <span class='ocr_line' id='line_1_14' title="bbox 156 1404 1998 1481; baseline -0.005 -16"><span class='ocrx_word' id='word_1_112' title='bbox 156 1422 318 1481; x_wconf 61' lang='grc' dir='ltr'><em>ἕτερος</em></span> <span class='ocrx_word' id='word_1_113' title='bbox 359 1415 407 1463; x_wconf 72' lang='grc' dir='ltr'>δὲ</span> <span class='ocrx_word' id='word_1_114' title='bbox 449 1419 509 1464; x_wconf 73' lang='grc' dir='ltr'>ἐκ</span> <span class='ocrx_word' id='word_1_115' title='bbox 550 1414 651 1462; x_wconf 75' lang='grc' dir='ltr'>τῶν</span> <span class='ocrx_word' id='word_1_116' title='bbox 692 1413 815 1462; x_wconf 71' lang='grc' dir='ltr'><em>δέκα</em></span> <span class='ocrx_word' id='word_1_117' title='bbox 868 1411 1149 1479; x_wconf 75' lang='grc' dir='ltr'><em>προέδρων,</em></span> <span class='ocrx_word' id='word_1_118' title='bbox 1203 1404 1277 1460; x_wconf 67' lang='grc' dir='ltr'>ὦν</span> <span class='ocrx_word' id='word_1_119' title='bbox 1317 1410 1551 1475; x_wconf 71' lang='grc' dir='ltr'><em>ἑκάτερος</em></span> <span class='ocrx_word' id='word_1_120' title='bbox 1591 1410 1848 1469; x_wconf 74' lang='grc' dir='ltr'><em>διοίκησίν</em></span> <span class='ocrx_word' id='word_1_121' title='bbox 1886 1428 1998 1458; x_wconf 77' lang='grc' dir='ltr'><em>τινα</em></span> 
     </span>
     <span class='ocr_line' id='line_1_15' title="bbox 157 1495 1998 1565; baseline -0.001 -18"><span class='ocrx_word' id='word_1_122' title='bbox 157 1500 347 1565; x_wconf 65' lang='grc' dir='ltr'><em>διῴκει.</em></span> <span class='ocrx_word' id='word_1_123' title='bbox 413 1500 732 1562; x_wconf 77' lang='lat' dir='ltr'>(Praefectus</span> <span class='ocrx_word' id='word_1_124' title='bbox 771 1506 844 1547; x_wconf 89' lang='lat' dir='ltr'>est</span> <span class='ocrx_word' id='word_1_125' title='bbox 884 1498 1197 1562; x_wconf 84' lang='lat' dir='ltr'>magistratus</span> <span class='ocrx_word' id='word_1_126' title='bbox 1235 1504 1436 1546; x_wconf 87' lang='lat' dir='ltr'>senatus</span> <span class='ocrx_word' id='word_1_127' title='bbox 1476 1504 1607 1546; x_wconf 84' lang='lat' dir='ltr'>sorte</span> <span class='ocrx_word' id='word_1_128' title='bbox 1647 1504 1864 1556; x_wconf 89' lang='lat' dir='ltr'>creatus,</span> <span class='ocrx_word' id='word_1_129' title='bbox 1917 1495 1998 1561; x_wconf 88' lang='lat' dir='ltr'>qui</span> 
     </span>
     <span class='ocr_line' id='line_1_16' title="bbox 156 1580 1996 1652; baseline -0.003 -18"><span class='ocrx_word' id='word_1_130' title='bbox 156 1593 353 1652; x_wconf 86' lang='lat' dir='ltr'>praeest</span> <span class='ocrx_word' id='word_1_131' title='bbox 378 1584 522 1634; x_wconf 88' lang='lat' dir='ltr'>rebus</span> <span class='ocrx_word' id='word_1_132' title='bbox 549 1601 639 1650; x_wconf 90' lang='lat' dir='ltr'>per</span> <span class='ocrx_word' id='word_1_133' title='bbox 665 1599 837 1631; x_wconf 89' lang='lat' dir='ltr'>omnes</span> <span class='ocrx_word' id='word_1_134' title='bbox 864 1589 1119 1630; x_wconf 84' lang='lat' dir='ltr'>senatores</span> <span class='ocrx_word' id='word_1_135' title='bbox 1146 1581 1314 1645; x_wconf 83' lang='lat' dir='ltr'>gestis.</span> <span class='ocrx_word' id='word_1_136' title='bbox 1367 1581 1491 1630; x_wconf 85' lang='lat' dir='ltr'>Sunt</span> <span class='ocrx_word' id='word_1_137' title='bbox 1517 1588 1680 1630; x_wconf 88' lang='lat' dir='ltr'>autem</span> <span class='ocrx_word' id='word_1_138' title='bbox 1707 1580 1831 1642; x_wconf 88' lang='lat' dir='ltr'>duo;</span> <span class='ocrx_word' id='word_1_139' title='bbox 1871 1597 1996 1629; x_wconf 91' lang='lat' dir='ltr'>unus</span> 
     </span>
     <span class='ocr_line' id='line_1_17' title="bbox 157 1664 1995 1735; baseline -0.003 -17"><span class='ocrx_word' id='word_1_140' title='bbox 157 1688 182 1718; x_wconf 93' lang='lat' dir='ltr'>e</span> <span class='ocrx_word' id='word_1_141' title='bbox 209 1670 504 1735; x_wconf 84' lang='lat' dir='ltr'>prytanibus</span> <span class='ocrx_word' id='word_1_142' title='bbox 543 1675 673 1717; x_wconf 88' lang='lat' dir='ltr'>sorte</span> <span class='ocrx_word' id='word_1_143' title='bbox 713 1667 895 1728; x_wconf 89' lang='lat' dir='ltr'>lectus,</span> <span class='ocrx_word' id='word_1_144' title='bbox 937 1666 1061 1714; x_wconf 89' lang='lat' dir='ltr'>alter</span> <span class='ocrx_word' id='word_1_145' title='bbox 1099 1682 1217 1714; x_wconf 88' lang='lat' dir='ltr'>vero</span> <span class='ocrx_word' id='word_1_146' title='bbox 1245 1683 1270 1714; x_wconf 90' lang='lat' dir='ltr'>e</span> <span class='ocrx_word' id='word_1_147' title='bbox 1298 1665 1472 1714; x_wconf 89' lang='lat' dir='ltr'>decem</span> <span class='ocrx_word' id='word_1_148' title='bbox 1504 1664 1837 1730; x_wconf 83' lang='lat' dir='ltr'>praesidibus,</span> <span class='ocrx_word' id='word_1_149' title='bbox 1879 1681 1995 1729; x_wconf 91' lang='lat' dir='ltr'>quo-</span> 
     </span>
     <span class='ocr_line' id='line_1_18' title="bbox 157 1748 1666 1816; baseline -0.003 -16"><span class='ocrx_word' id='word_1_150' title='bbox 157 1771 262 1802; x_wconf 87' lang='lat' dir='ltr'>rum</span> <span class='ocrx_word' id='word_1_151' title='bbox 289 1753 523 1802; x_wconf 85' lang='lat' dir='ltr'>alteruter</span> <span class='ocrx_word' id='word_1_152' title='bbox 549 1751 829 1800; x_wconf 87' lang='lat' dir='ltr'>moderatur</span> <span class='ocrx_word' id='word_1_153' title='bbox 855 1750 1121 1816; x_wconf 86' lang='lat' dir='ltr'>quamdam</span> <span class='ocrx_word' id='word_1_154' title='bbox 1148 1748 1666 1809; x_wconf 85' lang='lat' dir='ltr'>administrationem.)</span> 
     </span>
    </p>
   </div>
   <div class='ocr_carea' id='block_1_4' title="bbox 157 1850 1999 2595">
    <p class='ocr_par' dir='ltr' id='par_1_6' title="bbox 157 1850 1999 2595">
     <span class='ocr_line' id='line_1_19' title="bbox 301 1850 1999 1924; baseline -0.006 -12"><span class='ocrx_word' id='word_1_155' title='bbox 301 1861 462 1912; x_wconf 85' lang='lat' dir='ltr'>Schol.</span> <span class='ocrx_word' id='word_1_156' title='bbox 501 1861 554 1909; x_wconf 88' lang='lat' dir='ltr'>in</span> <span class='ocrx_word' id='word_1_157' title='bbox 594 1859 822 1911; x_wconf 87' lang='lat' dir='ltr'>Aeschin.</span> <span class='ocrx_word' id='word_1_158' title='bbox 864 1856 1172 1924; x_wconf 82' lang='lat' dir='ltr'>Ctesiphont.</span> <span class='ocrx_word' id='word_1_159' title='bbox 1201 1858 1260 1905; x_wconf 83' lang='lat'>4:</span> <span class='ocrx_word' id='word_1_160' title='bbox 1291 1850 1513 1914; x_wconf 79' lang='grc' dir='ltr'><em>Ἔκάστη</em></span> <span class='ocrx_word' id='word_1_161' title='bbox 1539 1852 1643 1904; x_wconf 71' lang='grc' dir='ltr'>τῶν</span> <span class='ocrx_word' id='word_1_162' title='bbox 1670 1852 1793 1902; x_wconf 73' lang='grc' dir='ltr'><em>δέκα</em></span> <span class='ocrx_word' id='word_1_163' title='bbox 1819 1853 1999 1915; x_wconf 71' lang='grc' dir='ltr'><em>φυλῶν</em></span> 
     </span>
     <span class='ocr_line' id='line_1_20' title="bbox 157 1935 1996 2009; baseline -0.004 -16"><span class='ocrx_word' id='word_1_164' title='bbox 157 1942 434 2009; x_wconf 75' lang='grc' dir='ltr'><em>τριάκοντα</em></span> <span class='ocrx_word' id='word_1_165' title='bbox 462 1944 512 2001; x_wconf 70' lang='grc' dir='ltr'>ἓξ</span> <span class='ocrx_word' id='word_1_166' title='bbox 542 1936 719 2006; x_wconf 72' lang='grc' dir='ltr'><em>ἡμέρας</em></span> <span class='ocrx_word' id='word_1_167' title='bbox 758 1938 935 2005; x_wconf 68' lang='grc' dir='ltr'><em>διῴκει</em></span> <span class='ocrx_word' id='word_1_168' title='bbox 974 1937 1068 1998; x_wconf 77' lang='grc' dir='ltr'>τήν</span> <span class='ocrx_word' id='word_1_169' title='bbox 1106 1936 1282 1996; x_wconf 83' lang='grc' dir='ltr'><em>πόλιν,</em></span> <span class='ocrx_word' id='word_1_170' title='bbox 1323 1941 1413 1986; x_wconf 75' lang='grc' dir='ltr'>καὶ</span> <span class='ocrx_word' id='word_1_171' title='bbox 1442 1935 1570 1997; x_wconf 77' lang='grc' dir='ltr'><em>αὐτή</em></span> <span class='ocrx_word' id='word_1_172' title='bbox 1601 1936 1703 2000; x_wconf 72' lang='grc' dir='ltr'><em>εἶχε</em></span> <span class='ocrx_word' id='word_1_173' title='bbox 1729 1935 1822 1997; x_wconf 78' lang='grc' dir='ltr'>τὴν</span> <span class='ocrx_word' id='word_1_174' title='bbox 1848 1957 1996 2001; x_wconf 70' lang='grc' dir='ltr'><em>προε-</em></span> 
     </span>
     <span class='ocr_line' id='line_1_21' title="bbox 158 2019 1997 2093; baseline -0.003 -17"><span class='ocrx_word' id='word_1_175' title='bbox 158 2030 306 2093; x_wconf 85' lang='grc' dir='ltr'><em>δρίαν</em></span> <span class='ocrx_word' id='word_1_176' title='bbox 343 2026 445 2074; x_wconf 82' lang='grc' dir='ltr'>τῶν</span> <span class='ocrx_word' id='word_1_177' title='bbox 480 2021 666 2073; x_wconf 69' lang='grc' dir='ltr'><em>ἄλλων.</em></span> <span class='ocrx_word' id='word_1_178' title='bbox 720 2022 898 2072; x_wconf 88' lang='grc' dir='ltr'><em>Πάλιν</em></span> <span class='ocrx_word' id='word_1_179' title='bbox 925 2022 974 2071; x_wconf 78' lang='grc' dir='ltr'>δὲ</span> <span class='ocrx_word' id='word_1_180' title='bbox 1003 2025 1094 2070; x_wconf 76' lang='grc' dir='ltr'>καὶ</span> <span class='ocrx_word' id='word_1_181' title='bbox 1122 2019 1277 2081; x_wconf 74' lang='grc' dir='ltr'><em>αὐτῆς</em></span> <span class='ocrx_word' id='word_1_182' title='bbox 1303 2021 1389 2080; x_wconf 76' lang='grc' dir='ltr'>τῆς</span> <span class='ocrx_word' id='word_1_183' title='bbox 1418 2021 1810 2086; x_wconf 70' lang='grc' dir='ltr'><em>προεδρευούσης</em></span> <span class='ocrx_word' id='word_1_184' title='bbox 1836 2021 1997 2083; x_wconf 80' lang='grc' dir='ltr'><strong><em>φυλῆς</em></strong></span> 
     </span>
     <span class='ocr_line' id='line_1_22' title="bbox 161 2101 1998 2173; baseline -0.002 -16"><span class='ocrx_word' id='word_1_185' title='bbox 161 2108 288 2170; x_wconf 72' lang='grc' dir='ltr'><em>ἦσάν</em></span> <span class='ocrx_word' id='word_1_186' title='bbox 312 2129 440 2165; x_wconf 79' lang='grc' dir='ltr'><em>τινες</em></span> <span class='ocrx_word' id='word_1_187' title='bbox 467 2106 779 2173; x_wconf 75' lang='grc' dir='ltr'><em>τιμιώτεροι,</em></span> <span class='ocrx_word' id='word_1_188' title='bbox 822 2108 869 2154; x_wconf 80' lang='grc' dir='ltr'>οἱ</span> <span class='ocrx_word' id='word_1_189' title='bbox 897 2101 1160 2170; x_wconf 68' lang='grc' dir='ltr'><em>πρόεδροι,</em></span> <span class='ocrx_word' id='word_1_190' title='bbox 1204 2107 1255 2152; x_wconf 84' lang='grc' dir='ltr'>οἳ</span> <span class='ocrx_word' id='word_1_191' title='bbox 1290 2123 1420 2161; x_wconf 74' lang='grc' dir='ltr'><em>τινες</em></span> <span class='ocrx_word' id='word_1_192' title='bbox 1454 2103 1516 2152; x_wconf 74' lang='grc' dir='ltr'><em>δι’</em></span> <span class='ocrx_word' id='word_1_193' title='bbox 1546 2103 1740 2153; x_wconf 76' lang='grc' dir='ltr'><em>ἑαυτῶν</em></span> <span class='ocrx_word' id='word_1_194' title='bbox 1767 2103 1998 2170; x_wconf 75' lang='grc' dir='ltr'><em>διῴκουν</em></span> 
     </span>
     <span class='ocr_line' id='line_1_23' title="bbox 157 2185 1977 2255; baseline -0.003 -12"><span class='ocrx_word' id='word_1_195' title='bbox 157 2200 213 2243; x_wconf 68' lang='grc' dir='ltr'>ἐν</span> <span class='ocrx_word' id='word_1_196' title='bbox 252 2192 429 2249; x_wconf 80' lang='grc' dir='ltr'><em>αὐταῖς</em></span> <span class='ocrx_word' id='word_1_197' title='bbox 468 2199 574 2248; x_wconf 79' lang='grc' dir='ltr'><em>ταῖς</em></span> <span class='ocrx_word' id='word_1_198' title='bbox 618 2186 818 2255; x_wconf 75' lang='grc' dir='ltr'><em>ἡμέραις</em></span> <span class='ocrx_word' id='word_1_199' title='bbox 857 2189 1022 2238; x_wconf 81' lang='grc' dir='ltr'><em>πάντα</em></span> <span class='ocrx_word' id='word_1_200' title='bbox 1065 2187 1128 2237; x_wconf 74' lang='grc' dir='ltr'>τά</span> <span class='ocrx_word' id='word_1_201' title='bbox 1173 2187 1482 2248; x_wconf 75' lang='grc' dir='ltr'><em>καθήκοντα</em></span> <span class='ocrx_word' id='word_1_202' title='bbox 1527 2188 1586 2252; x_wconf 78' lang='grc' dir='ltr'>τῇ</span> <span class='ocrx_word' id='word_1_203' title='bbox 1626 2185 1799 2237; x_wconf 71' lang='grc' dir='ltr'><em>αὐτῶν</em></span> <span class='ocrx_word' id='word_1_204' title='bbox 1842 2188 1977 2252; x_wconf 80' lang='grc' dir='ltr'><em>φυλῇ</em></span> 
     </span>
     <span class='ocr_line' id='line_1_24' title="bbox 159 2275 1995 2345; baseline -0.003 -16"><span class='ocrx_word' id='word_1_205' title='bbox 159 2280 393 2345; x_wconf 82' lang='lat' dir='ltr'>(Singula</span> <span class='ocrx_word' id='word_1_206' title='bbox 418 2278 588 2328; x_wconf 90' lang='lat' dir='ltr'>decem</span> <span class='ocrx_word' id='word_1_207' title='bbox 616 2278 834 2327; x_wconf 90' lang='lat' dir='ltr'>tribuum</span> <span class='ocrx_word' id='word_1_208' title='bbox 860 2277 1062 2340; x_wconf 84' lang='lat' dir='ltr'>triginta</span> <span class='ocrx_word' id='word_1_209' title='bbox 1087 2294 1172 2326; x_wconf 87' lang='lat' dir='ltr'>sex</span> <span class='ocrx_word' id='word_1_210' title='bbox 1213 2276 1385 2326; x_wconf 89' lang='lat' dir='ltr'>dicbus</span> <span class='ocrx_word' id='word_1_211' title='bbox 1424 2275 1802 2325; x_wconf 88' lang='lat' dir='ltr'>administrabat</span> <span class='ocrx_word' id='word_1_212' title='bbox 1828 2275 1995 2324; x_wconf 88' lang='lat' dir='ltr'>civita-</span> 
     </span>
     <span class='ocr_line' id='line_1_25' title="bbox 157 2359 1995 2427; baseline -0.002 -16"><span class='ocrx_word' id='word_1_213' title='bbox 157 2371 256 2412; x_wconf 87' lang='lat' dir='ltr'>tem</span> <span class='ocrx_word' id='word_1_214' title='bbox 283 2370 331 2411; x_wconf 90' lang='lat' dir='ltr'>et</span> <span class='ocrx_word' id='word_1_215' title='bbox 363 2362 580 2411; x_wconf 88' lang='lat' dir='ltr'>habebat</span> <span class='ocrx_word' id='word_1_216' title='bbox 622 2361 833 2427; x_wconf 86' lang='lat' dir='ltr'>primam</span> <span class='ocrx_word' id='word_1_217' title='bbox 872 2378 988 2426; x_wconf 90' lang='lat' dir='ltr'>prae</span> <span class='ocrx_word' id='word_1_218' title='bbox 1029 2360 1135 2408; x_wconf 90' lang='lat' dir='ltr'>aliis</span> <span class='ocrx_word' id='word_1_219' title='bbox 1175 2359 1355 2408; x_wconf 89' lang='lat' dir='ltr'>sedem.</span> <span class='ocrx_word' id='word_1_220' title='bbox 1407 2360 1464 2408; x_wconf 92' lang='lat' dir='ltr'>In</span> <span class='ocrx_word' id='word_1_221' title='bbox 1493 2359 1804 2424; x_wconf 87' lang='lat' dir='ltr'>praesidente</span> <span class='ocrx_word' id='word_1_222' title='bbox 1831 2366 1995 2408; x_wconf 86' lang='lat' dir='ltr'>autem</span> 
     </span>
     <span class='ocr_line' id='line_1_26' title="bbox 158 2442 1993 2509; baseline -0.001 -16"><span class='ocrx_word' id='word_1_223' title='bbox 158 2446 289 2494; x_wconf 88' lang='lat' dir='ltr'>tribu</span> <span class='ocrx_word' id='word_1_224' title='bbox 329 2454 470 2495; x_wconf 90' lang='lat' dir='ltr'>erant</span> <span class='ocrx_word' id='word_1_225' title='bbox 510 2444 708 2509; x_wconf 89' lang='lat' dir='ltr'>quidam</span> <span class='ocrx_word' id='word_1_226' title='bbox 747 2443 1116 2503; x_wconf 74' lang='lat' dir='ltr'>honoratiores,</span> <span class='ocrx_word' id='word_1_227' title='bbox 1159 2442 1348 2491; x_wconf 86' lang='lat' dir='ltr'>scilicet</span> <span class='ocrx_word' id='word_1_228' title='bbox 1386 2442 1665 2507; x_wconf 85' lang='lat' dir='ltr'>praesides,</span> <span class='ocrx_word' id='word_1_229' title='bbox 1708 2443 1790 2507; x_wconf 92' lang='lat' dir='ltr'>qui</span> <span class='ocrx_word' id='word_1_230' title='bbox 1827 2459 1993 2508; x_wconf 87' lang='lat' dir='ltr'>perse</span> 
     </span>
     <span class='ocr_line' id='line_1_27' title="bbox 157 2526 1922 2595; baseline -0.001 -20"><span class='ocrx_word' id='word_1_231' title='bbox 157 2530 290 2595; x_wconf 88' lang='lat' dir='ltr'>ipsos</span> <span class='ocrx_word' id='word_1_232' title='bbox 316 2529 727 2578; x_wconf 87' lang='lat' dir='ltr'>administrabant</span> <span class='ocrx_word' id='word_1_233' title='bbox 752 2527 825 2575; x_wconf 92' lang='lat' dir='ltr'>his</span> <span class='ocrx_word' id='word_1_234' title='bbox 852 2526 970 2592; x_wconf 90' lang='lat' dir='ltr'>ipsis</span> <span class='ocrx_word' id='word_1_235' title='bbox 998 2526 1171 2575; x_wconf 90' lang='lat' dir='ltr'>diebus</span> <span class='ocrx_word' id='word_1_236' title='bbox 1199 2526 1364 2575; x_wconf 91' lang='lat' dir='ltr'>omnia</span> <span class='ocrx_word' id='word_1_237' title='bbox 1389 2543 1504 2575; x_wconf 88' lang='lat' dir='ltr'>suae</span> <span class='ocrx_word' id='word_1_238' title='bbox 1533 2527 1688 2575; x_wconf 89' lang='lat' dir='ltr'>tribus</span> <span class='ocrx_word' id='word_1_239' title='bbox 1715 2526 1922 2586; x_wconf 89' lang='lat' dir='ltr'>officia.)</span> 
     </span>
    </p>
   </div>
   <div class='ocr_carea' id='block_1_5' title="bbox 162 2632 1995 3450">
    <p class='ocr_par' dir='ltr' id='par_1_7' title="bbox 162 2632 1995 3450">
     <span class='ocr_line' id='line_1_28' title="bbox 302 2632 1995 2701; baseline -0.001 -16"><span class='ocrx_word' id='word_1_240' title='bbox 302 2635 628 2701; x_wconf 87' lang='lat' dir='ltr'>Anonymi</span> <span class='ocrx_word' id='word_1_241' title='bbox 663 2652 896 2699; x_wconf 86' lang='lat' dir='ltr'>argum.</span> <span class='ocrx_word' id='word_1_242' title='bbox 932 2634 994 2682; x_wconf 91' lang='lat' dir='ltr'>in</span> <span class='ocrx_word' id='word_1_243' title='bbox 1019 2633 1346 2682; x_wconf 87' lang='lat' dir='ltr'>Demosth.</span> <span class='ocrx_word' id='word_1_244' title='bbox 1382 2651 1421 2682; x_wconf 89' lang='lat' dir='ltr'>c.</span> <span class='ocrx_word' id='word_1_245' title='bbox 1450 2632 1836 2684; x_wconf 89' lang='lat' dir='ltr'>Androtion.</span> <span class='ocrx_word' id='word_1_246' title='bbox 1867 2634 1995 2683; x_wconf 85' lang='lat'>590:</span> 
     </span>
     <span class='ocr_line' id='line_1_29' title="bbox 162 2718 1995 2785; baseline -0.002 -16"><span class='ocrx_word' id='word_1_247' title='bbox 162 2721 430 2785; x_wconf 72' lang='lat' dir='ltr'>Quingenti</span> <span class='ocrx_word' id='word_1_248' title='bbox 467 2721 536 2769; x_wconf 92' lang='lat' dir='ltr'>illi</span> <span class='ocrx_word' id='word_1_249' title='bbox 576 2727 819 2769; x_wconf 88' lang='lat' dir='ltr'>trecentos</span> <span class='ocrx_word' id='word_1_250' title='bbox 859 2719 960 2767; x_wconf 88' lang='lat' dir='ltr'>dies</span> <span class='ocrx_word' id='word_1_251' title='bbox 995 2719 1045 2766; x_wconf 93' lang='lat' dir='ltr'>in</span> <span class='ocrx_word' id='word_1_252' title='bbox 1073 2718 1362 2781; x_wconf 83' lang='lat' dir='ltr'>magistratu</span> <span class='ocrx_word' id='word_1_253' title='bbox 1390 2726 1540 2768; x_wconf 86' lang='lat' dir='ltr'>erant.</span> <span class='ocrx_word' id='word_1_254' title='bbox 1593 2719 1690 2768; x_wconf 78' lang='lat' dir='ltr'>Sed</span> <span class='ocrx_word' id='word_1_255' title='bbox 1719 2719 1832 2783; x_wconf 87' lang='lat' dir='ltr'>quia</span> <span class='ocrx_word' id='word_1_256' title='bbox 1858 2718 1995 2767; x_wconf 88' lang='lat' dir='ltr'>multi</span> 
     </span>
     <span class='ocr_line' id='line_1_30' title="bbox 163 2801 1993 2868; baseline -0.001 -17"><span class='ocrx_word' id='word_1_257' title='bbox 163 2812 324 2865; x_wconf 85' lang='lat' dir='ltr'>erant,</span> <span class='ocrx_word' id='word_1_258' title='bbox 365 2812 412 2852; x_wconf 86' lang='lat' dir='ltr'>et</span> <span class='ocrx_word' id='word_1_259' title='bbox 449 2805 649 2868; x_wconf 83' lang='lat' dir='ltr'>negotia</span> <span class='ocrx_word' id='word_1_260' title='bbox 687 2821 786 2852; x_wconf 92' lang='lat' dir='ltr'>non</span> <span class='ocrx_word' id='word_1_261' title='bbox 828 2801 1053 2867; x_wconf 82' lang='lat' dir='ltr'>expedite</span> <span class='ocrx_word' id='word_1_262' title='bbox 1095 2802 1452 2862; x_wconf 86' lang='lat' dir='ltr'>succedebant,</span> <span class='ocrx_word' id='word_1_263' title='bbox 1493 2802 1778 2851; x_wconf 90' lang='lat' dir='ltr'>dividebant</span> <span class='ocrx_word' id='word_1_264' title='bbox 1812 2819 1918 2851; x_wconf 89' lang='lat' dir='ltr'>sese</span> <span class='ocrx_word' id='word_1_265' title='bbox 1944 2803 1993 2850; x_wconf 89' lang='lat' dir='ltr'>in</span> 
     </span>
     <span class='ocr_line' id='line_1_31' title="bbox 164 2886 1994 2952; baseline 0.001 -20"><span class='ocrx_word' id='word_1_266' title='bbox 164 2886 330 2934; x_wconf 84' lang='lat' dir='ltr'>decem</span> <span class='ocrx_word' id='word_1_267' title='bbox 358 2894 521 2951; x_wconf 87' lang='lat' dir='ltr'>partes</span> <span class='ocrx_word' id='word_1_268' title='bbox 549 2905 638 2952; x_wconf 89' lang='lat' dir='ltr'>pro</span> <span class='ocrx_word' id='word_1_269' title='bbox 665 2887 878 2935; x_wconf 89' lang='lat' dir='ltr'>tribuum</span> <span class='ocrx_word' id='word_1_270' title='bbox 905 2901 1133 2945; x_wconf 86' lang='lat' dir='ltr'>numero,</span> <span class='ocrx_word' id='word_1_271' title='bbox 1174 2892 1227 2933; x_wconf 90' lang='lat' dir='ltr'>ut</span> <span class='ocrx_word' id='word_1_272' title='bbox 1254 2886 1475 2949; x_wconf 85' lang='lat' dir='ltr'>singulae</span> <span class='ocrx_word' id='word_1_273' title='bbox 1503 2886 1726 2935; x_wconf 88' lang='lat' dir='ltr'>decuriae</span> <span class='ocrx_word' id='word_1_274' title='bbox 1755 2887 1994 2951; x_wconf 89' lang='lat' dir='ltr'>quinqua-</span> 
     </span>
     <span class='ocr_line' id='line_1_32' title="bbox 162 2968 1995 3032; baseline 0.001 -17"><span class='ocrx_word' id='word_1_275' title='bbox 162 2986 317 3031; x_wconf 80' lang='lat' dir='ltr'>genos</span> <span class='ocrx_word' id='word_1_276' title='bbox 344 2971 666 3019; x_wconf 89' lang='lat' dir='ltr'>continerent.</span> <span class='ocrx_word' id='word_1_277' title='bbox 705 2970 805 3017; x_wconf 87' lang='lat' dir='ltr'>Tot</span> <span class='ocrx_word' id='word_1_278' title='bbox 820 2968 947 3017; x_wconf 88' lang='lat' dir='ltr'>enim</span> <span class='ocrx_word' id='word_1_279' title='bbox 963 2984 1285 3032; x_wconf 87' lang='lat' dir='ltr'>unaquaeque</span> <span class='ocrx_word' id='word_1_280' title='bbox 1302 2969 1458 3017; x_wconf 88' lang='lat' dir='ltr'>tribus</span> <span class='ocrx_word' id='word_1_281' title='bbox 1486 2968 1790 3032; x_wconf 81' lang='lat' dir='ltr'>designabat.</span> <span class='ocrx_word' id='word_1_282' title='bbox 1830 2970 1995 3029; x_wconf 76' lang='lat' dir='ltr'>Quum</span> 
     </span>
     <span class='ocr_line' id='line_1_33' title="bbox 164 3051 1993 3118; baseline 0.001 -19"><span class='ocrx_word' id='word_1_283' title='bbox 164 3058 328 3099; x_wconf 87' lang='lat' dir='ltr'>autem</span> <span class='ocrx_word' id='word_1_284' title='bbox 354 3052 445 3115; x_wconf 88' lang='lat' dir='ltr'>ipsi</span> <span class='ocrx_word' id='word_1_285' title='bbox 474 3054 618 3102; x_wconf 88' lang='lat' dir='ltr'>etiam</span> <span class='ocrx_word' id='word_1_286' title='bbox 647 3053 980 3117; x_wconf 80' lang='lat' dir='ltr'>quinquageni</span> <span class='ocrx_word' id='word_1_287' title='bbox 1008 3051 1172 3118; x_wconf 90' lang='lat' dir='ltr'>plures</span> <span class='ocrx_word' id='word_1_288' title='bbox 1199 3060 1385 3112; x_wconf 84' lang='lat' dir='ltr'>essent,</span> <span class='ocrx_word' id='word_1_289' title='bbox 1417 3069 1563 3115; x_wconf 90' lang='lat' dir='ltr'>quam</span> <span class='ocrx_word' id='word_1_290' title='bbox 1589 3058 1641 3100; x_wconf 80' lang='lat' dir='ltr'>ut</span> <span class='ocrx_word' id='word_1_291' title='bbox 1667 3053 1812 3101; x_wconf 89' lang='lat' dir='ltr'>simul</span> <span class='ocrx_word' id='word_1_292' title='bbox 1838 3053 1993 3116; x_wconf 85' lang='lat' dir='ltr'>magi-</span> 
     </span>
     <span class='ocr_line' id='line_1_34' title="bbox 166 3132 1995 3198; baseline 0.001 -17"><span class='ocrx_word' id='word_1_293' title='bbox 166 3141 318 3182; x_wconf 90' lang='lat' dir='ltr'>stratu</span> <span class='ocrx_word' id='word_1_294' title='bbox 346 3134 688 3197; x_wconf 85' lang='lat' dir='ltr'>fungerentur,</span> <span class='ocrx_word' id='word_1_295' title='bbox 728 3136 795 3184; x_wconf 92' lang='lat' dir='ltr'>illi</span> <span class='ocrx_word' id='word_1_296' title='bbox 825 3135 1021 3196; x_wconf 87' lang='lat' dir='ltr'>decem,</span> <span class='ocrx_word' id='word_1_297' title='bbox 1061 3135 1231 3182; x_wconf 88' lang='lat' dir='ltr'>sortito</span> <span class='ocrx_word' id='word_1_298' title='bbox 1272 3152 1396 3182; x_wconf 87' lang='lat' dir='ltr'>unus</span> <span class='ocrx_word' id='word_1_299' title='bbox 1423 3153 1576 3182; x_wconf 90' lang='lat' dir='ltr'>unum</span> <span class='ocrx_word' id='word_1_300' title='bbox 1602 3134 1809 3198; x_wconf 87' lang='lat' dir='ltr'>septidui</span> <span class='ocrx_word' id='word_1_301' title='bbox 1837 3132 1995 3195; x_wconf 82' lang='lat' dir='ltr'>diem,</span> 
     </span>
     <span class='ocr_line' id='line_1_35' title="bbox 166 3217 1994 3284; baseline 0.001 -19"><span class='ocrx_word' id='word_1_302' title='bbox 166 3217 388 3265; x_wconf 88' lang='lat' dir='ltr'>similiter</span> <span class='ocrx_word' id='word_1_303' title='bbox 415 3225 462 3263; x_wconf 83' lang='lat' dir='ltr'>et</span> <span class='ocrx_word' id='word_1_304' title='bbox 488 3217 658 3281; x_wconf 89' lang='lat' dir='ltr'>reliqui</span> <span class='ocrx_word' id='word_1_305' title='bbox 687 3236 825 3267; x_wconf 86' lang='lat' dir='ltr'>suum</span> <span class='ocrx_word' id='word_1_306' title='bbox 854 3219 1057 3283; x_wconf 90' lang='lat' dir='ltr'>quisque</span> <span class='ocrx_word' id='word_1_307' title='bbox 1086 3217 1214 3266; x_wconf 87' lang='lat' dir='ltr'>diem</span> <span class='ocrx_word' id='word_1_308' title='bbox 1240 3218 1577 3283; x_wconf 88' lang='lat' dir='ltr'>imperabant,</span> <span class='ocrx_word' id='word_1_309' title='bbox 1623 3217 1778 3266; x_wconf 87' lang='lat' dir='ltr'>donec</span> <span class='ocrx_word' id='word_1_310' title='bbox 1806 3225 1994 3284; x_wconf 88' lang='lat' dir='ltr'>septem</span> 
     </span>
     <span class='ocr_line' id='line_1_36' title="bbox 166 3300 1989 3366; baseline 0.001 -19"><span class='ocrx_word' id='word_1_311' title='bbox 166 3301 235 3349; x_wconf 92' lang='lat' dir='ltr'>illi</span> <span class='ocrx_word' id='word_1_312' title='bbox 262 3301 364 3348; x_wconf 88' lang='lat' dir='ltr'>dies</span> <span class='ocrx_word' id='word_1_313' title='bbox 392 3300 766 3362; x_wconf 83' lang='lat' dir='ltr'>complerentur.</span> <span class='ocrx_word' id='word_1_314' title='bbox 819 3303 894 3350; x_wconf 89' lang='lat' dir='ltr'>Ita</span> <span class='ocrx_word' id='word_1_315' title='bbox 921 3302 1094 3362; x_wconf 89' lang='lat' dir='ltr'>fiebat,</span> <span class='ocrx_word' id='word_1_316' title='bbox 1123 3309 1175 3349; x_wconf 91' lang='lat' dir='ltr'>ut</span> <span class='ocrx_word' id='word_1_317' title='bbox 1201 3308 1298 3349; x_wconf 88' lang='lat' dir='ltr'>tres</span> <span class='ocrx_word' id='word_1_318' title='bbox 1326 3319 1350 3349; x_wconf 88' lang='lat' dir='ltr'>e</span> <span class='ocrx_word' id='word_1_319' title='bbox 1379 3317 1582 3350; x_wconf 88' lang='lat' dir='ltr'>numero</span> <span class='ocrx_word' id='word_1_320' title='bbox 1610 3301 1810 3350; x_wconf 86' lang='lat' dir='ltr'>denario</span> <span class='ocrx_word' id='word_1_321' title='bbox 1836 3302 1989 3366; x_wconf 87' lang='lat' dir='ltr'>magi-</span> 
     </span>
     <span class='ocr_line' id='line_1_37' title="bbox 166 3384 1989 3450; baseline 0.001 -18"><span class='ocrx_word' id='word_1_322' title='bbox 166 3391 403 3433; x_wconf 85' lang='lat' dir='ltr'>stratuum</span> <span class='ocrx_word' id='word_1_323' title='bbox 442 3400 541 3431; x_wconf 91' lang='lat' dir='ltr'>non</span> <span class='ocrx_word' id='word_1_324' title='bbox 582 3384 892 3447; x_wconf 83' lang='lat' dir='ltr'>imperarent.</span> <span class='ocrx_word' id='word_1_325' title='bbox 958 3385 1304 3450; x_wconf 87' lang='lat' dir='ltr'>Unusquisque</span> <span class='ocrx_word' id='word_1_326' title='bbox 1343 3393 1507 3434; x_wconf 87' lang='lat' dir='ltr'>autem</span> <span class='ocrx_word' id='word_1_327' title='bbox 1542 3385 1854 3450; x_wconf 81' lang='lat' dir='ltr'>magistratus</span> <span class='ocrx_word' id='word_1_328' title='bbox 1891 3401 1989 3434; x_wconf 88' lang='lat' dir='ltr'>uno</span> 
     </span>
    </p>
   </div>
  </div>
 </body>
</html>
