<?xml version="1.0" encoding="UTF-8"?>
<!DOCTYPE html PUBLIC "-//W3C//DTD XHTML 1.0 Transitional//EN"
    "http://www.w3.org/TR/xhtml1/DTD/xhtml1-transitional.dtd">
<html xmlns="http://www.w3.org/1999/xhtml" xml:lang="en" lang="en">
 <head>
  <title>
</title>
<meta http-equiv="Content-Type" content="text/html;charset=utf-8" />
  <meta name='ocr-system' content='tesseract 3.04.00' />
  <meta name='ocr-capabilities' content='ocr_page ocr_carea ocr_par ocr_line ocrx_word'/>
</head>
<body>
  <div class='ocr_page' id='page_1' title='image "./synaggtnattiknno00tluoft_0646.png"; bbox 0 0 2114 3642; ppageno 0'>
   <div class='ocr_carea' id='block_1_1' title="bbox 163 247 1617 299">
    <p class='ocr_par' dir='ltr' id='par_1_1' title="bbox 163 247 1617 299">
     <span class='ocr_line' id='line_1_1' title="bbox 163 247 1617 299; baseline -0.001 -5"><span class='ocrx_word' id='word_1_1' title='bbox 163 247 265 294; x_wconf 81' lang='lat'>620</span> <span class='ocrx_word' id='word_1_2' title='bbox 577 261 984 296; x_wconf 72' lang='lat' dir='ltr'>coMMENTARws</span> <span class='ocrx_word' id='word_1_3' title='bbox 1015 259 1080 291; x_wconf 70' lang='lat' dir='ltr'>An</span> <span class='ocrx_word' id='word_1_4' title='bbox 1112 254 1214 292; x_wconf 76' lang='lat'>1445.</span> <span class='ocrx_word' id='word_1_5' title='bbox 1248 258 1349 296; x_wconf 74' lang='lat'>1446.</span> <span class='ocrx_word' id='word_1_6' title='bbox 1383 259 1483 297; x_wconf 70' lang='lat'>1451.</span> <span class='ocrx_word' id='word_1_7' title='bbox 1515 260 1617 299; x_wconf 76' lang='lat'>1452,</span> 
     </span>
    </p>
   </div>
   <div class='ocr_carea' id='block_1_2' title="bbox 918 383 1232 441">
    <p class='ocr_par' dir='ltr' id='par_1_2' title="bbox 918 383 1232 441">
     <span class='ocr_line' id='line_1_2' title="bbox 918 383 1232 441; baseline 0.01 -4"><span class='ocrx_word' id='word_1_8' title='bbox 918 383 1017 437; x_wconf 79' lang='lat' dir='ltr'>Ad</span> <span class='ocrx_word' id='word_1_9' title='bbox 1042 385 1232 441; x_wconf 84' lang='lat'>1445.</span> 
     </span>
    </p>
   </div>
   <div class='ocr_carea' id='block_1_3' title="bbox 160 483 2004 801">
    <p class='ocr_par' dir='ltr' id='par_1_3' title="bbox 303 483 1078 548">
     <span class='ocr_line' id='line_1_3' title="bbox 303 483 1078 548; baseline -0.005 -12"><span class='ocrx_word' id='word_1_10' title='bbox 303 485 480 535; x_wconf 77' lang='lat' dir='ltr'>Aetate</span> <span class='ocrx_word' id='word_1_11' title='bbox 507 484 619 532; x_wconf 87' lang='lat' dir='ltr'>belli</span> <span class='ocrx_word' id='word_1_12' title='bbox 652 483 1078 548; x_wconf 77' lang='lat' dir='ltr'>Peloponnesiaci.</span> 
     </span>
    </p>

    <p class='ocr_par' dir='ltr' id='par_1_4' title="bbox 160 566 2004 801">
     <span class='ocr_line' id='line_1_4' title="bbox 303 566 2004 633; baseline 0.002 -15"><span class='ocrx_word' id='word_1_13' title='bbox 303 569 493 618; x_wconf 79' lang='lat' dir='ltr'>Strab</span> <span class='ocrx_word' id='word_1_14' title='bbox 512 587 538 615; x_wconf 84' lang='lat' dir='ltr'>o</span> <span class='ocrx_word' id='word_1_15' title='bbox 567 567 627 624; x_wconf 77' lang='lat' dir='ltr'>X,</span> <span class='ocrx_word' id='word_1_16' title='bbox 657 569 701 626; x_wconf 88' lang='lat'>5,</span> <span class='ocrx_word' id='word_1_17' title='bbox 732 568 787 615; x_wconf 81' lang='lat'>5:</span> <span class='ocrx_word' id='word_1_18' title='bbox 829 566 1032 616; x_wconf 85' lang='lat' dir='ltr'>Rhenea</span> <span class='ocrx_word' id='word_1_19' title='bbox 1058 568 1219 617; x_wconf 88' lang='lat' dir='ltr'>insula</span> <span class='ocrx_word' id='word_1_20' title='bbox 1245 577 1319 619; x_wconf 86' lang='lat' dir='ltr'>est</span> <span class='ocrx_word' id='word_1_21' title='bbox 1346 571 1522 633; x_wconf 79' lang='lat' dir='ltr'>exigua</span> <span class='ocrx_word' id='word_1_22' title='bbox 1549 577 1595 619; x_wconf 88' lang='lat' dir='ltr'>et</span> <span class='ocrx_word' id='word_1_23' title='bbox 1622 569 1840 633; x_wconf 84' lang='lat' dir='ltr'>deserta,</span> <span class='ocrx_word' id='word_1_24' title='bbox 1877 573 2004 620; x_wconf 88' lang='lat' dir='ltr'>intra</span> 
     </span>
     <span class='ocr_line' id='line_1_5' title="bbox 161 649 2000 718; baseline 0.002 -17"><span class='ocrx_word' id='word_1_25' title='bbox 161 659 385 718; x_wconf 85' lang='lat' dir='ltr'>quartum</span> <span class='ocrx_word' id='word_1_26' title='bbox 415 668 444 699; x_wconf 87' lang='lat' dir='ltr'>a</span> <span class='ocrx_word' id='word_1_27' title='bbox 469 649 596 698; x_wconf 92' lang='lat' dir='ltr'>Delo</span> <span class='ocrx_word' id='word_1_28' title='bbox 623 649 860 711; x_wconf 80' lang='lat' dir='ltr'>stadium,</span> <span class='ocrx_word' id='word_1_29' title='bbox 902 651 982 699; x_wconf 90' lang='lat' dir='ltr'>ubi</span> <span class='ocrx_word' id='word_1_30' title='bbox 1011 650 1237 717; x_wconf 85' lang='lat' dir='ltr'>sepulcra</span> <span class='ocrx_word' id='word_1_31' title='bbox 1264 661 1376 702; x_wconf 88' lang='lat' dir='ltr'>sunt</span> <span class='ocrx_word' id='word_1_32' title='bbox 1402 654 1674 703; x_wconf 88' lang='lat' dir='ltr'>Deliorum.</span> <span class='ocrx_word' id='word_1_33' title='bbox 1721 653 1847 704; x_wconf 87' lang='lat' dir='ltr'>Nam</span> <span class='ocrx_word' id='word_1_34' title='bbox 1874 673 2000 704; x_wconf 75' lang='lat' dir='ltr'>mor=</span> 
     </span>
     <span class='ocr_line' id='line_1_6' title="bbox 160 733 1575 801; baseline 0.002 -17"><span class='ocrx_word' id='word_1_35' title='bbox 160 743 296 784; x_wconf 88' lang='lat' dir='ltr'>tuum</span> <span class='ocrx_word' id='word_1_36' title='bbox 323 735 371 782; x_wconf 89' lang='lat' dir='ltr'>in</span> <span class='ocrx_word' id='word_1_37' title='bbox 399 733 526 782; x_wconf 91' lang='lat' dir='ltr'>Delo</span> <span class='ocrx_word' id='word_1_38' title='bbox 554 733 761 799; x_wconf 86' lang='lat' dir='ltr'>sepelire</span> <span class='ocrx_word' id='word_1_39' title='bbox 789 750 886 784; x_wconf 90' lang='lat' dir='ltr'>non</span> <span class='ocrx_word' id='word_1_40' title='bbox 915 741 989 783; x_wconf 90' lang='lat' dir='ltr'>est</span> <span class='ocrx_word' id='word_1_41' title='bbox 1016 735 1114 795; x_wconf 82' lang='lat' dir='ltr'>fas,</span> <span class='ocrx_word' id='word_1_42' title='bbox 1154 753 1314 801; x_wconf 88' lang='lat' dir='ltr'>neque</span> <span class='ocrx_word' id='word_1_43' title='bbox 1343 754 1575 787; x_wconf 83' lang='lat' dir='ltr'>cremare.</span> 
     </span>
    </p>
   </div>
   <div class='ocr_carea' id='block_1_4' title="bbox 147 875 2002 2798">
    <p class='ocr_par' dir='ltr' id='par_1_5' title="bbox 924 875 1237 930">
     <span class='ocr_line' id='line_1_7' title="bbox 924 875 1237 930; baseline 0.006 -2"><span class='ocrx_word' id='word_1_44' title='bbox 924 875 1023 928; x_wconf 78' lang='lat' dir='ltr'>Ad</span> <span class='ocrx_word' id='word_1_45' title='bbox 1048 877 1237 930; x_wconf 81' lang='grc'>1446.</span> 
     </span>
    </p>

    <p class='ocr_par' dir='ltr' id='par_1_6' title="bbox 153 972 2002 1289">
     <span class='ocr_line' id='line_1_8' title="bbox 297 972 1996 1043; baseline 0.003 -22"><span class='ocrx_word' id='word_1_46' title='bbox 297 973 549 1038; x_wconf 85' lang='lat' dir='ltr'>Ejusmodi</span> <span class='ocrx_word' id='word_1_47' title='bbox 591 972 814 1023; x_wconf 87' lang='lat' dir='ltr'>homines</span> <span class='ocrx_word' id='word_1_48' title='bbox 842 993 867 1023; x_wconf 94' lang='lat' dir='ltr'>e</span> <span class='ocrx_word' id='word_1_49' title='bbox 896 975 1199 1041; x_wconf 84' lang='lat' dir='ltr'>praescripto</span> <span class='ocrx_word' id='word_1_50' title='bbox 1241 974 1423 1025; x_wconf 87' lang='lat' dir='ltr'>oraculi</span> <span class='ocrx_word' id='word_1_51' title='bbox 1466 977 1751 1027; x_wconf 85' lang='lat' dir='ltr'>mulieribus</span> <span class='ocrx_word' id='word_1_52' title='bbox 1779 995 1830 1026; x_wconf 85' lang='lat' dir='ltr'>se</span> <span class='ocrx_word' id='word_1_53' title='bbox 1857 977 1996 1043; x_wconf 80' lang='lat' dir='ltr'>quasi</span> 
     </span>
     <span class='ocr_line' id='line_1_9' title="bbox 155 1056 2002 1125; baseline 0.004 -22"><span class='ocrx_word' id='word_1_54' title='bbox 155 1063 353 1105; x_wconf 85' lang='lat' dir='ltr'>renatos</span> <span class='ocrx_word' id='word_1_55' title='bbox 381 1056 686 1120; x_wconf 75' lang='lat' dir='ltr'>praebebant</span> <span class='ocrx_word' id='word_1_56' title='bbox 714 1057 977 1111; x_wconf 79' lang='lat' dir='ltr'>lavandos,</span> <span class='ocrx_word' id='word_1_57' title='bbox 1014 1058 1302 1107; x_wconf 80' lang='lat' dir='ltr'>vinciendos</span> <span class='ocrx_word' id='word_1_58' title='bbox 1331 1067 1378 1107; x_wconf 87' lang='lat' dir='ltr'>et</span> <span class='ocrx_word' id='word_1_59' title='bbox 1406 1059 1686 1120; x_wconf 78' lang='lat' dir='ltr'>lact-andos3</span> <span class='ocrx_word' id='word_1_60' title='bbox 1727 1079 2002 1125; x_wconf 85' lang='lat' dir='ltr'>nomenque</span> 
     </span>
     <span class='ocr_line' id='line_1_10' title="bbox 153 1132 2001 1207; baseline 0.003 -20"><span class='ocrx_word' id='word_1_61' title='bbox 153 1141 210 1188; x_wconf 85' lang='lat' dir='ltr'>iis</span> <span class='ocrx_word' id='word_1_62' title='bbox 251 1140 432 1188; x_wconf 87' lang='lat' dir='ltr'>factum</span> <span class='ocrx_word' id='word_1_63' title='bbox 475 1132 841 1203; x_wconf 70' lang='grc' dir='ltr'>ὖστερὸηοτμοι</span> <span class='ocrx_word' id='word_1_64' title='bbox 882 1142 960 1189; x_wconf 85' lang='lat' dir='ltr'>vel</span> <span class='ocrx_word' id='word_1_65' title='bbox 1001 1138 1420 1202; x_wconf 58' lang='grc' dir='ltr'><em>δευτερὸποτμοι,</em></span> <span class='ocrx_word' id='word_1_66' title='bbox 1464 1143 1593 1207; x_wconf 87' lang='lat' dir='ltr'>quod</span> <span class='ocrx_word' id='word_1_67' title='bbox 1633 1144 1817 1193; x_wconf 87' lang='lat' dir='ltr'>seilicet</span> <span class='ocrx_word' id='word_1_68' title='bbox 1843 1163 1872 1193; x_wconf 87' lang='lat' dir='ltr'>a</span> <span class='ocrx_word' id='word_1_69' title='bbox 1899 1162 2001 1193; x_wconf 82' lang='lat' dir='ltr'>cre·</span> 
     </span>
     <span class='ocr_line' id='line_1_11' title="bbox 157 1223 1287 1289; baseline 0.003 -18"><span class='ocrx_word' id='word_1_70' title='bbox 157 1223 257 1272; x_wconf 90' lang='lat' dir='ltr'>dito</span> <span class='ocrx_word' id='word_1_71' title='bbox 287 1224 435 1272; x_wconf 83' lang='lat' dir='ltr'>exitio</span> <span class='ocrx_word' id='word_1_72' title='bbox 463 1225 598 1289; x_wconf 80' lang='lat' dir='ltr'>quasi</span> <span class='ocrx_word' id='word_1_73' title='bbox 628 1225 926 1289; x_wconf 87' lang='lat' dir='ltr'>postliminio</span> <span class='ocrx_word' id='word_1_74' title='bbox 955 1226 1287 1274; x_wconf 82' lang='lat' dir='ltr'>revertissent.</span> 
     </span>
    </p>

    <p class='ocr_par' dir='ltr' id='par_1_7' title="bbox 147 1307 2001 2547">
     <span class='ocr_line' id='line_1_12' title="bbox 296 1307 2001 1376; baseline 0.002 -20"><span class='ocrx_word' id='word_1_75' title='bbox 296 1307 505 1357; x_wconf 79' lang='lat' dir='ltr'>Romani</span> <span class='ocrx_word' id='word_1_76' title='bbox 535 1326 618 1357; x_wconf 91' lang='lat' dir='ltr'>eos</span> <span class='ocrx_word' id='word_1_77' title='bbox 645 1327 766 1373; x_wconf 91' lang='lat' dir='ltr'>quos</span> <span class='ocrx_word' id='word_1_78' title='bbox 794 1309 945 1358; x_wconf 86' lang='lat' dir='ltr'>semel</span> <span class='ocrx_word' id='word_1_79' title='bbox 975 1308 1194 1374; x_wconf 86' lang='lat' dir='ltr'>sepultos</span> <span class='ocrx_word' id='word_1_80' title='bbox 1222 1327 1280 1358; x_wconf 89' lang='lat' dir='ltr'>ac</span> <span class='ocrx_word' id='word_1_81' title='bbox 1308 1311 1458 1360; x_wconf 88' lang='lat' dir='ltr'>rebus</span> <span class='ocrx_word' id='word_1_82' title='bbox 1485 1311 1713 1360; x_wconf 86' lang='lat' dir='ltr'>humanis</span> <span class='ocrx_word' id='word_1_83' title='bbox 1741 1318 2001 1376; x_wconf 87' lang='lat' dir='ltr'>exemptos</span> 
     </span>
     <span class='ocr_line' id='line_1_13' title="bbox 151 1391 2000 1460; baseline 0.002 -21"><span class='ocrx_word' id='word_1_84' title='bbox 151 1409 256 1441; x_wconf 87' lang='lat' dir='ltr'>esse</span> <span class='ocrx_word' id='word_1_85' title='bbox 283 1391 441 1440; x_wconf 90' lang='lat' dir='ltr'>fuerat</span> <span class='ocrx_word' id='word_1_86' title='bbox 466 1392 730 1451; x_wconf 69' lang='lat' dir='ltr'>creditum,</span> <span class='ocrx_word' id='word_1_87' title='bbox 775 1394 1180 1442; x_wconf 84' lang='lat' dir='ltr'>existimaverunt</span> <span class='ocrx_word' id='word_1_88' title='bbox 1223 1412 1322 1443; x_wconf 89' lang='lat' dir='ltr'>non</span> <span class='ocrx_word' id='word_1_89' title='bbox 1364 1395 1541 1444; x_wconf 86' lang='lat' dir='ltr'>debere</span> <span class='ocrx_word' id='word_1_90' title='bbox 1584 1412 1672 1460; x_wconf 90' lang='lat' dir='ltr'>per</span> <span class='ocrx_word' id='word_1_91' title='bbox 1714 1395 1890 1444; x_wconf 90' lang='lat' dir='ltr'>ostium</span> <span class='ocrx_word' id='word_1_92' title='bbox 1929 1395 2000 1442; x_wconf 90' lang='lat' dir='ltr'>in-</span> 
     </span>
     <span class='ocr_line' id='line_1_14' title="bbox 150 1474 2000 1540; baseline 0.001 -16"><span class='ocrx_word' id='word_1_93' title='bbox 150 1474 313 1540; x_wconf 82' lang='lat' dir='ltr'>gredi,</span> <span class='ocrx_word' id='word_1_94' title='bbox 354 1492 442 1540; x_wconf 85' lang='lat' dir='ltr'>per</span> <span class='ocrx_word' id='word_1_95' title='bbox 480 1475 611 1539; x_wconf 91' lang='lat' dir='ltr'>quod</span> <span class='ocrx_word' id='word_1_96' title='bbox 651 1476 975 1525; x_wconf 75' lang='lat' dir='ltr'>sacrificatum</span> <span class='ocrx_word' id='word_1_97' title='bbox 1018 1478 1203 1535; x_wconf 84' lang='lat' dir='ltr'>exitur,</span> <span class='ocrx_word' id='word_1_98' title='bbox 1243 1495 1299 1526; x_wconf 87' lang='lat' dir='ltr'>ae</span> <span class='ocrx_word' id='word_1_99' title='bbox 1340 1479 1615 1527; x_wconf 86' lang='lat' dir='ltr'>saerificatu</span> <span class='ocrx_word' id='word_1_100' title='bbox 1656 1478 1865 1537; x_wconf 79' lang='lat' dir='ltr'>1·editur;</span> <span class='ocrx_word' id='word_1_101' title='bbox 1914 1478 2000 1526; x_wconf 86' lang='lat' dir='ltr'>sed</span> 
     </span>
     <span class='ocr_line' id='line_1_15' title="bbox 152 1558 1999 1628; baseline 0.001 -21"><span class='ocrx_word' id='word_1_102' title='bbox 152 1577 236 1607; x_wconf 85' lang='lat' dir='ltr'>eos</span> <span class='ocrx_word' id='word_1_103' title='bbox 262 1558 490 1608; x_wconf 86' lang='lat' dir='ltr'>deorsum</span> <span class='ocrx_word' id='word_1_104' title='bbox 518 1577 576 1608; x_wconf 86' lang='lat' dir='ltr'>ex</span> <span class='ocrx_word' id='word_1_105' title='bbox 605 1566 716 1608; x_wconf 74' lang='lat' dir='ltr'>aere</span> <span class='ocrx_word' id='word_1_106' title='bbox 757 1561 1019 1609; x_wconf 88' lang='lat' dir='ltr'>voluerunt</span> <span class='ocrx_word' id='word_1_107' title='bbox 1057 1563 1105 1608; x_wconf 91' lang='lat' dir='ltr'>in</span> <span class='ocrx_word' id='word_1_108' title='bbox 1147 1562 1326 1611; x_wconf 89' lang='lat' dir='ltr'>atrium</span> <span class='ocrx_word' id='word_1_109' title='bbox 1354 1562 1444 1611; x_wconf 89' lang='lat' dir='ltr'>sub</span> <span class='ocrx_word' id='word_1_110' title='bbox 1474 1562 1554 1610; x_wconf 90' lang='lat' dir='ltr'>dio</span> <span class='ocrx_word' id='word_1_111' title='bbox 1582 1563 1769 1628; x_wconf 85' lang='lat' dir='ltr'>positos</span> <span class='ocrx_word' id='word_1_112' title='bbox 1798 1561 1999 1610; x_wconf 80' lang='lat' dir='ltr'>demitti.</span> 
     </span>
     <span class='ocr_line' id='line_1_16' title="bbox 152 1642 2000 1711; baseline 0.001 -19"><span class='ocrx_word' id='word_1_113' title='bbox 152 1643 472 1708; x_wconf 84' lang='lat' dir='ltr'>Expiationes</span> <span class='ocrx_word' id='word_1_114' title='bbox 513 1642 644 1691; x_wconf 87' lang='lat' dir='ltr'>enim</span> <span class='ocrx_word' id='word_1_115' title='bbox 685 1660 857 1691; x_wconf 87' lang='lat' dir='ltr'>omnes</span> <span class='ocrx_word' id='word_1_116' title='bbox 897 1644 1122 1693; x_wconf 89' lang='lat' dir='ltr'>solebant</span> <span class='ocrx_word' id='word_1_117' title='bbox 1162 1644 1265 1693; x_wconf 81' lang='lat' dir='ltr'>sere</span> <span class='ocrx_word' id='word_1_118' title='bbox 1302 1644 1392 1694; x_wconf 88' lang='lat' dir='ltr'>sub</span> <span class='ocrx_word' id='word_1_119' title='bbox 1422 1645 1502 1693; x_wconf 87' lang='lat' dir='ltr'>dio</span> <span class='ocrx_word' id='word_1_120' title='bbox 1529 1662 1785 1711; x_wconf 79' lang='lat' dir='ltr'>peragere.</span> <span class='ocrx_word' id='word_1_121' title='bbox 1842 1645 2000 1694; x_wconf 87' lang='lat' dir='ltr'>Varro</span> 
     </span>
     <span class='ocr_line' id='line_1_17' title="bbox 151 1727 1999 1793; baseline 0.001 -18"><span class='ocrx_word' id='word_1_122' title='bbox 151 1745 241 1792; x_wconf 87' lang='lat' dir='ltr'>pro</span> <span class='ocrx_word' id='word_1_123' title='bbox 269 1744 417 1775; x_wconf 85' lang='lat' dir='ltr'>eausa</span> <span class='ocrx_word' id='word_1_124' title='bbox 446 1728 590 1775; x_wconf 83' lang='lat' dir='ltr'>affert</span> <span class='ocrx_word' id='word_1_125' title='bbox 619 1727 746 1776; x_wconf 86' lang='lat' dir='ltr'>hane</span> <span class='ocrx_word' id='word_1_126' title='bbox 774 1728 1021 1787; x_wconf 65' lang='lat' dir='ltr'>sabulamg</span> <span class='ocrx_word' id='word_1_127' title='bbox 1060 1746 1172 1777; x_wconf 86' lang='lat' dir='ltr'>eum</span> <span class='ocrx_word' id='word_1_128' title='bbox 1204 1728 1333 1777; x_wconf 89' lang='lat' dir='ltr'>bello</span> <span class='ocrx_word' id='word_1_129' title='bbox 1361 1728 1492 1793; x_wconf 87' lang='lat' dir='ltr'>apud</span> <span class='ocrx_word' id='word_1_130' title='bbox 1521 1727 1739 1777; x_wconf 76' lang='lat' dir='ltr'>Siciliam</span> <span class='ocrx_word' id='word_1_131' title='bbox 1767 1746 1999 1793; x_wconf 85' lang='lat' dir='ltr'>magnum</span> 
     </span>
     <span class='ocr_line' id='line_1_18' title="bbox 151 1811 2000 1877; baseline 0.002 -19"><span class='ocrx_word' id='word_1_132' title='bbox 151 1811 325 1859; x_wconf 84' lang='lat' dir='ltr'>navale</span> <span class='ocrx_word' id='word_1_133' title='bbox 366 1812 603 1876; x_wconf 88' lang='lat' dir='ltr'>proelium</span> <span class='ocrx_word' id='word_1_134' title='bbox 646 1812 816 1861; x_wconf 89' lang='lat' dir='ltr'>fuisset</span> <span class='ocrx_word' id='word_1_135' title='bbox 856 1813 1200 1873; x_wconf 67' lang='lat' dir='ltr'>commissum,</span> <span class='ocrx_word' id='word_1_136' title='bbox 1242 1813 1518 1877; x_wconf 85' lang='lat' dir='ltr'>multosque</span> <span class='ocrx_word' id='word_1_137' title='bbox 1555 1813 1684 1862; x_wconf 85' lang='lat' dir='ltr'>sama</span> <span class='ocrx_word' id='word_1_138' title='bbox 1711 1813 2000 1862; x_wconf 75' lang='lat' dir='ltr'>mentiretur</span> 
     </span>
     <span class='ocr_line' id='line_1_19' title="bbox 148 1894 1999 1961; baseline 0.002 -18"><span class='ocrx_word' id='word_1_139' title='bbox 148 1894 353 1960; x_wconf 83' lang='lat' dir='ltr'>periisse</span> <span class='ocrx_word' id='word_1_140' title='bbox 380 1896 461 1960; x_wconf 89' lang='lat' dir='ltr'>qui</span> <span class='ocrx_word' id='word_1_141' title='bbox 491 1903 629 1944; x_wconf 83' lang='lat' dir='ltr'>erant</span> <span class='ocrx_word' id='word_1_142' title='bbox 655 1897 969 1961; x_wconf 78' lang='lat' dir='ltr'>superstiteS,</span> <span class='ocrx_word' id='word_1_143' title='bbox 1012 1898 1102 1946; x_wconf 89' lang='lat' dir='ltr'>hos</span> <span class='ocrx_word' id='word_1_144' title='bbox 1141 1896 1344 1946; x_wconf 90' lang='lat' dir='ltr'>domum</span> <span class='ocrx_word' id='word_1_145' title='bbox 1386 1914 1637 1957; x_wconf 78' lang='lat' dir='ltr'>reversos,</span> <span class='ocrx_word' id='word_1_146' title='bbox 1677 1897 1809 1946; x_wconf 88' lang='lat' dir='ltr'>intra</span> <span class='ocrx_word' id='word_1_147' title='bbox 1847 1897 1999 1946; x_wconf 89' lang='lat' dir='ltr'>breve</span> 
     </span>
     <span class='ocr_line' id='line_1_20' title="bbox 150 1980 1995 2046; baseline 0.002 -20"><span class='ocrx_word' id='word_1_148' title='bbox 150 1986 344 2044; x_wconf 88' lang='lat' dir='ltr'>tempus</span> <span class='ocrx_word' id='word_1_149' title='bbox 372 1980 627 2028; x_wconf 84' lang='lat' dir='ltr'>universos</span> <span class='ocrx_word' id='word_1_150' title='bbox 655 1980 801 2029; x_wconf 84' lang='lat' dir='ltr'>fuisse</span> <span class='ocrx_word' id='word_1_151' title='bbox 831 1989 1077 2042; x_wconf 78' lang='lat' dir='ltr'>mortuos3</span> <span class='ocrx_word' id='word_1_152' title='bbox 1117 1981 1202 2031; x_wconf 90' lang='lat' dir='ltr'>sed</span> <span class='ocrx_word' id='word_1_153' title='bbox 1230 1998 1384 2030; x_wconf 86' lang='lat' dir='ltr'>unum</span> <span class='ocrx_word' id='word_1_154' title='bbox 1411 1999 1471 2030; x_wconf 86' lang='lat' dir='ltr'>ex</span> <span class='ocrx_word' id='word_1_155' title='bbox 1498 1981 1593 2030; x_wconf 89' lang='lat' dir='ltr'>illis</span> <span class='ocrx_word' id='word_1_156' title='bbox 1621 1981 1752 2030; x_wconf 80' lang='lat' dir='ltr'>domi</span> <span class='ocrx_word' id='word_1_157' title='bbox 1781 1998 1899 2030; x_wconf 88' lang='lat' dir='ltr'>suae</span> <span class='ocrx_word' id='word_1_158' title='bbox 1920 1981 1995 2046; x_wconf 88' lang='lat' dir='ltr'>ja-</span> 
     </span>
     <span class='ocr_line' id='line_1_21' title="bbox 149 2062 1997 2130; baseline 0.002 -21"><span class='ocrx_word' id='word_1_159' title='bbox 149 2080 295 2112; x_wconf 87' lang='lat' dir='ltr'>nuam</span> <span class='ocrx_word' id='word_1_160' title='bbox 326 2062 449 2112; x_wconf 83' lang='lat' dir='ltr'>forte</span> <span class='ocrx_word' id='word_1_161' title='bbox 476 2062 675 2112; x_wconf 86' lang='lat' dir='ltr'>fortuna</span> <span class='ocrx_word' id='word_1_162' title='bbox 713 2064 963 2114; x_wconf 88' lang='lat' dir='ltr'>occlusam</span> <span class='ocrx_word' id='word_1_163' title='bbox 1003 2065 1296 2125; x_wconf 82' lang='lat' dir='ltr'>offendisse,</span> <span class='ocrx_word' id='word_1_164' title='bbox 1339 2082 1499 2129; x_wconf 88' lang='lat' dir='ltr'>neque</span> <span class='ocrx_word' id='word_1_165' title='bbox 1528 2065 1723 2130; x_wconf 82' lang='lat' dir='ltr'>aperire</span> <span class='ocrx_word' id='word_1_166' title='bbox 1749 2064 1997 2129; x_wconf 84' lang='lat' dir='ltr'>potuisse:</span> 
     </span>
     <span class='ocr_line' id='line_1_22' title="bbox 147 2145 1995 2214; baseline 0.001 -21"><span class='ocrx_word' id='word_1_167' title='bbox 147 2147 306 2211; x_wconf 87' lang='lat' dir='ltr'>ipsum</span> <span class='ocrx_word' id='word_1_168' title='bbox 347 2145 520 2209; x_wconf 82' lang='lat' dir='ltr'>igitur,</span> <span class='ocrx_word' id='word_1_169' title='bbox 574 2165 685 2195; x_wconf 87' lang='lat' dir='ltr'>cum</span> <span class='ocrx_word' id='word_1_170' title='bbox 723 2156 836 2196; x_wconf 87' lang='lat' dir='ltr'>ante</span> <span class='ocrx_word' id='word_1_171' title='bbox 880 2149 1011 2197; x_wconf 86' lang='lat' dir='ltr'>fores</span> <span class='ocrx_word' id='word_1_172' title='bbox 1052 2147 1459 2208; x_wconf 72' lang='lat' dir='ltr'>obdormivisset,</span> <span class='ocrx_word' id='word_1_173' title='bbox 1502 2165 1588 2213; x_wconf 86' lang='lat' dir='ltr'>per</span> <span class='ocrx_word' id='word_1_174' title='bbox 1629 2149 1847 2213; x_wconf 88' lang='lat' dir='ltr'>quietem</span> <span class='ocrx_word' id='word_1_175' title='bbox 1887 2163 1995 2214; x_wconf 90' lang='lat' dir='ltr'>spe-</span> 
     </span>
     <span class='ocr_line' id='line_1_23' title="bbox 147 2229 1995 2296; baseline 0.001 -18"><span class='ocrx_word' id='word_1_176' title='bbox 147 2238 304 2278; x_wconf 86' lang='lat' dir='ltr'>ctrum</span> <span class='ocrx_word' id='word_1_177' title='bbox 336 2230 541 2292; x_wconf 81' lang='lat' dir='ltr'>vidisse,</span> <span class='ocrx_word' id='word_1_178' title='bbox 583 2229 714 2294; x_wconf 88' lang='lat' dir='ltr'>quod</span> <span class='ocrx_word' id='word_1_179' title='bbox 755 2231 795 2278; x_wconf 88' lang='lat' dir='ltr'>ei</span> <span class='ocrx_word' id='word_1_180' title='bbox 824 2232 1155 2296; x_wconf 81' lang='lat' dir='ltr'>praeciperet,</span> <span class='ocrx_word' id='word_1_181' title='bbox 1199 2239 1252 2280; x_wconf 87' lang='lat' dir='ltr'>ut</span> <span class='ocrx_word' id='word_1_182' title='bbox 1279 2250 1329 2280; x_wconf 89' lang='lat' dir='ltr'>se</span> <span class='ocrx_word' id='word_1_183' title='bbox 1359 2231 1419 2281; x_wconf 91' lang='lat' dir='ltr'>de</span> <span class='ocrx_word' id='word_1_184' title='bbox 1448 2238 1579 2280; x_wconf 88' lang='lat' dir='ltr'>tecto</span> <span class='ocrx_word' id='word_1_185' title='bbox 1606 2232 1655 2280; x_wconf 91' lang='lat' dir='ltr'>in</span> <span class='ocrx_word' id='word_1_186' title='bbox 1684 2231 1885 2280; x_wconf 88' lang='lat' dir='ltr'>domum</span> <span class='ocrx_word' id='word_1_187' title='bbox 1913 2231 1995 2280; x_wconf 90' lang='lat' dir='ltr'>de-</span> 
     </span>
     <span class='ocr_line' id='line_1_24' title="bbox 149 2313 1996 2380; baseline 0.002 -20"><span class='ocrx_word' id='word_1_188' title='bbox 149 2313 387 2362; x_wconf 77' lang='lat' dir='ltr'>mitteret:</span> <span class='ocrx_word' id='word_1_189' title='bbox 428 2330 537 2362; x_wconf 89' lang='lat' dir='ltr'>eum</span> <span class='ocrx_word' id='word_1_190' title='bbox 579 2314 785 2363; x_wconf 85' lang='lat' dir='ltr'>consilio</span> <span class='ocrx_word' id='word_1_191' title='bbox 827 2314 940 2362; x_wconf 89' lang='lat' dir='ltr'>huie</span> <span class='ocrx_word' id='word_1_192' title='bbox 979 2316 1227 2380; x_wconf 78' lang='lat' dir='ltr'>paruisse,</span> <span class='ocrx_word' id='word_1_193' title='bbox 1270 2315 1566 2379; x_wconf 86' lang='lat' dir='ltr'>longamque</span> <span class='ocrx_word' id='word_1_194' title='bbox 1595 2314 1747 2363; x_wconf 88' lang='lat' dir='ltr'>vitam</span> <span class='ocrx_word' id='word_1_195' title='bbox 1788 2315 1996 2364; x_wconf 88' lang='lat' dir='ltr'>feliciter</span> 
     </span>
     <span class='ocr_line' id='line_1_25' title="bbox 149 2397 1993 2463; baseline 0.002 -18"><span class='ocrx_word' id='word_1_196' title='bbox 149 2397 399 2461; x_wconf 79' lang='lat' dir='ltr'>exegisse:</span> <span class='ocrx_word' id='word_1_197' title='bbox 439 2405 585 2462; x_wconf 84' lang='lat' dir='ltr'>atque</span> <span class='ocrx_word' id='word_1_198' title='bbox 626 2397 769 2463; x_wconf 86' lang='lat' dir='ltr'>hujus</span> <span class='ocrx_word' id='word_1_199' title='bbox 807 2399 870 2447; x_wconf 87' lang='lat' dir='ltr'>ab</span> <span class='ocrx_word' id='word_1_200' title='bbox 910 2399 1139 2463; x_wconf 84' lang='lat' dir='ltr'>exemplo</span> <span class='ocrx_word' id='word_1_201' title='bbox 1174 2399 1316 2449; x_wconf 88' lang='lat' dir='ltr'>istam</span> <span class='ocrx_word' id='word_1_202' title='bbox 1346 2399 1493 2448; x_wconf 87' lang='lat' dir='ltr'>fuisse</span> <span class='ocrx_word' id='word_1_203' title='bbox 1520 2398 1853 2448; x_wconf 84' lang='lat' dir='ltr'>introductam</span> <span class='ocrx_word' id='word_1_204' title='bbox 1879 2416 1993 2449; x_wconf 91' lang='lat' dir='ltr'>con-</span> 
     </span>
     <span class='ocr_line' id='line_1_26' title="bbox 150 2479 1426 2547; baseline 0.002 -19"><span class='ocrx_word' id='word_1_205' title='bbox 150 2479 469 2530; x_wconf 87' lang='lat' dir='ltr'>svetudinem.</span> <span class='ocrx_word' id='word_1_206' title='bbox 510 2481 869 2541; x_wconf 84' lang='lat' dir='ltr'>(Plutarch.</span> <span class='ocrx_word' id='word_1_207' title='bbox 905 2489 1149 2547; x_wconf 87' lang='lat' dir='ltr'>quaest.</span> <span class='ocrx_word' id='word_1_208' title='bbox 1178 2499 1321 2531; x_wconf 86' lang='lat' dir='ltr'>rom.</span> <span class='ocrx_word' id='word_1_209' title='bbox 1352 2483 1426 2541; x_wconf 85' lang='lat'>5.)</span> 
     </span>
    </p>

    <p class='ocr_par' dir='ltr' id='par_1_8' title="bbox 151 2557 1992 2798">
     <span class='ocr_line' id='line_1_27' title="bbox 291 2557 1991 2629; baseline 0.001 -17"><span class='ocrx_word' id='word_1_210' title='bbox 291 2563 568 2629; x_wconf 82' lang='lat' dir='ltr'>Hesychius</span> <span class='ocrx_word' id='word_1_211' title='bbox 607 2563 725 2613; x_wconf 86' lang='lat' dir='ltr'>dicit</span> <span class='ocrx_word' id='word_1_212' title='bbox 764 2567 825 2625; x_wconf 88' lang='lat' dir='ltr'>(s.</span> <span class='ocrx_word' id='word_1_213' title='bbox 855 2584 898 2614; x_wconf 89' lang='lat' dir='ltr'>v.</span> <span class='ocrx_word' id='word_1_214' title='bbox 940 2561 1335 2626; x_wconf 60' lang='grc' dir='ltr'><em>δευτερόποτμος</em></span> <span class='ocrx_word' id='word_1_215' title='bbox 1370 2572 1417 2613; x_wconf 86' lang='lat' dir='ltr'>et</span> <span class='ocrx_word' id='word_1_216' title='bbox 1447 2557 1845 2628; x_wconf 70' lang='grc' dir='ltr'>ὖστερόποτμος)</span> <span class='ocrx_word' id='word_1_217' title='bbox 1887 2567 1991 2616; x_wconf 89' lang='lat' dir='ltr'>red—</span> 
     </span>
     <span class='ocr_line' id='line_1_28' title="bbox 151 2647 1992 2715; baseline 0.002 -21"><span class='ocrx_word' id='word_1_218' title='bbox 151 2647 377 2695; x_wconf 78' lang='lat' dir='ltr'>euntibus</span> <span class='ocrx_word' id='word_1_219' title='bbox 404 2647 487 2709; x_wconf 79' lang='lat' dir='ltr'>iis,</span> <span class='ocrx_word' id='word_1_220' title='bbox 516 2649 693 2713; x_wconf 90' lang='lat' dir='ltr'>quibus</span> <span class='ocrx_word' id='word_1_221' title='bbox 721 2657 971 2713; x_wconf 84' lang='lat' dir='ltr'>tamquam</span> <span class='ocrx_word' id='word_1_222' title='bbox 998 2650 1228 2711; x_wconf 71' lang='lat' dir='ltr'>mortuis,</span> <span class='ocrx_word' id='word_1_223' title='bbox 1261 2651 1398 2715; x_wconf 85' lang='lat' dir='ltr'>justa</span> <span class='ocrx_word' id='word_1_224' title='bbox 1426 2650 1598 2698; x_wconf 85' lang='lat' dir='ltr'>funera</span> <span class='ocrx_word' id='word_1_225' title='bbox 1626 2650 1755 2699; x_wconf 86' lang='lat' dir='ltr'>facta</span> <span class='ocrx_word' id='word_1_226' title='bbox 1782 2650 1992 2707; x_wconf 83' lang='lat' dir='ltr'>fuerant,</span> 
     </span>
     <span class='ocr_line' id='line_1_29' title="bbox 153 2731 1990 2798; baseline 0.002 -22"><span class='ocrx_word' id='word_1_227' title='bbox 153 2748 249 2777; x_wconf 90' lang='lat' dir='ltr'>non</span> <span class='ocrx_word' id='word_1_228' title='bbox 284 2731 475 2780; x_wconf 87' lang='lat' dir='ltr'>licuisse</span> <span class='ocrx_word' id='word_1_229' title='bbox 517 2733 753 2781; x_wconf 86' lang='lat' dir='ltr'>sacellum</span> <span class='ocrx_word' id='word_1_230' title='bbox 788 2733 1115 2781; x_wconf 85' lang='lat' dir='ltr'>Eumenidum</span> <span class='ocrx_word' id='word_1_231' title='bbox 1154 2733 1303 2782; x_wconf 84' lang='lat' dir='ltr'>adire.</span> <span class='ocrx_word' id='word_1_232' title='bbox 1357 2732 1553 2797; x_wconf 76' lang='lat' dir='ltr'>Eosque</span> <span class='ocrx_word' id='word_1_233' title='bbox 1582 2733 1788 2782; x_wconf 86' lang='lat' dir='ltr'>reduces</span> <span class='ocrx_word' id='word_1_234' title='bbox 1815 2749 1904 2798; x_wconf 92' lang='lat' dir='ltr'>per</span> <span class='ocrx_word' id='word_1_235' title='bbox 1930 2734 1990 2782; x_wconf 92' lang='lat' dir='ltr'>si-</span> 
     </span>
    </p>
   </div>
   <div class='ocr_carea' id='block_1_5' title="bbox 150 2813 1988 2946">
    <p class='ocr_par' dir='ltr' id='par_1_9' title="bbox 150 2813 1988 2946">
     <span class='ocr_line' id='line_1_30' title="bbox 151 2813 1988 2881; baseline 0.003 -23"><span class='ocrx_word' id='word_1_236' title='bbox 151 2829 267 2860; x_wconf 89' lang='lat' dir='ltr'>num</span> <span class='ocrx_word' id='word_1_237' title='bbox 306 2813 444 2863; x_wconf 80' lang='lat' dir='ltr'>laxae</span> <span class='ocrx_word' id='word_1_238' title='bbox 484 2816 639 2865; x_wconf 85' lang='lat' dir='ltr'>stolae</span> <span class='ocrx_word' id='word_1_239' title='bbox 681 2817 856 2865; x_wconf 85' lang='lat' dir='ltr'>mulier</span> <span class='ocrx_word' id='word_1_240' title='bbox 883 2816 1196 2876; x_wconf 69' lang='lat' dir='ltr'>demittebat,</span> <span class='ocrx_word' id='word_1_241' title='bbox 1238 2825 1485 2881; x_wconf 78' lang='lat' dir='ltr'>tamquam</span> <span class='ocrx_word' id='word_1_242' title='bbox 1512 2816 1676 2865; x_wconf 87' lang='lat' dir='ltr'>denuo</span> <span class='ocrx_word' id='word_1_243' title='bbox 1706 2816 1892 2866; x_wconf 87' lang='lat' dir='ltr'>renasci</span> <span class='ocrx_word' id='word_1_244' title='bbox 1921 2816 1988 2863; x_wconf 91' lang='lat' dir='ltr'>vi-</span> 
     </span>
     <span class='ocr_line' id='line_1_31' title="bbox 150 2893 391 2946; baseline 0.012 -4"><span class='ocrx_word' id='word_1_245' title='bbox 150 2893 391 2946; x_wconf 81' lang='lat' dir='ltr'>derentur.</span> 
     </span>
    </p>
   </div>
   <div class='ocr_carea' id='block_1_6' title="bbox 917 2967 1225 3022">
    <p class='ocr_par' dir='ltr' id='par_1_10' title="bbox 917 2967 1225 3022">
     <span class='ocr_line' id='line_1_32' title="bbox 917 2967 1225 3022; baseline 0.003 -1"><span class='ocrx_word' id='word_1_246' title='bbox 917 2967 1018 3021; x_wconf 82' lang='lat' dir='ltr'>Ad</span> <span class='ocrx_word' id='word_1_247' title='bbox 1050 2969 1225 3022; x_wconf 84' lang='lat'>1451.</span> 
     </span>
    </p>
   </div>
   <div class='ocr_carea' id='block_1_7' title="bbox 153 3061 2028 3277">
    <p class='ocr_par' dir='ltr' id='par_1_11' title="bbox 153 3061 2028 3277">
     <span class='ocr_line' id='line_1_33' title="bbox 294 3061 2028 3132; baseline 0.005 -23"><span class='ocrx_word' id='word_1_248' title='bbox 294 3061 364 3110; x_wconf 82' lang='lat' dir='ltr'>Ex</span> <span class='ocrx_word' id='word_1_249' title='bbox 408 3063 496 3112; x_wconf 82' lang='lat' dir='ltr'>hac</span> <span class='ocrx_word' id='word_1_250' title='bbox 537 3067 643 3129; x_wconf 78' lang='lat' dir='ltr'>lege</span> <span class='ocrx_word' id='word_1_251' title='bbox 686 3067 879 3115; x_wconf 86' lang='lat' dir='ltr'>videtur</span> <span class='ocrx_word' id='word_1_252' title='bbox 923 3066 1244 3132; x_wconf 84' lang='lat' dir='ltr'>repetendum</span> <span class='ocrx_word' id='word_1_253' title='bbox 1288 3086 1391 3116; x_wconf 83' lang='lat' dir='ltr'>esse</span> <span class='ocrx_word' id='word_1_254' title='bbox 1430 3069 1617 3116; x_wconf 87' lang='lat' dir='ltr'>initium</span> <span class='ocrx_word' id='word_1_255' title='bbox 1648 3068 1990 3117; x_wconf 86' lang='lat' dir='ltr'>vindicationis</span> <span class='ocrx_word' id='word_1_256' title='bbox 2024 3119 2028 3123; x_wconf 75' lang='grc'><em>,</em></span> 
     </span>
     <span class='ocr_line' id='line_1_34' title="bbox 154 3145 1987 3215; baseline 0.005 -23"><span class='ocrx_word' id='word_1_257' title='bbox 154 3145 336 3202; x_wconf 88' lang='lat' dir='ltr'>(hodie</span> <span class='ocrx_word' id='word_1_258' title='bbox 377 3146 444 3193; x_wconf 71' lang='lat' dir='ltr'>sie</span> <span class='ocrx_word' id='word_1_259' title='bbox 485 3147 640 3198; x_wconf 73' lang='lat' dir='ltr'>dietae</span> <span class='ocrx_word' id='word_1_260' title='bbox 682 3150 1294 3215; x_wconf 73' lang='lat' dir='ltr'>expropriationis)</span> <span class='ocrx_word' id='word_1_261' title='bbox 1342 3169 1366 3199; x_wconf 92' lang='lat' dir='ltr'>e</span> <span class='ocrx_word' id='word_1_262' title='bbox 1405 3152 1472 3199; x_wconf 86' lang='lat' dir='ltr'>rei</span> <span class='ocrx_word' id='word_1_263' title='bbox 1514 3151 1741 3215; x_wconf 88' lang='lat' dir='ltr'>publicae</span> <span class='ocrx_word' id='word_1_264' title='bbox 1782 3152 1987 3202; x_wconf 87' lang='lat' dir='ltr'>utilitate</span> 
     </span>
     <span class='ocr_line' id='line_1_35' title="bbox 153 3228 319 3277; baseline 0 -2"><span class='ocrx_word' id='word_1_265' title='bbox 153 3228 319 3277; x_wconf 83' lang='lat' dir='ltr'>factae.</span> 
     </span>
    </p>
   </div>
   <div class='ocr_carea' id='block_1_8' title="bbox 908 3301 1230 3356">
    <p class='ocr_par' dir='ltr' id='par_1_12' title="bbox 908 3301 1230 3356">
     <span class='ocr_line' id='line_1_36' title="bbox 908 3301 1230 3356; baseline 0.003 -1"><span class='ocrx_word' id='word_1_266' title='bbox 908 3301 1006 3355; x_wconf 76' lang='lat' dir='ltr'>Ad</span> <span class='ocrx_word' id='word_1_267' title='bbox 1043 3303 1230 3356; x_wconf 82' lang='lat'>1452.</span> 
     </span>
    </p>
   </div>
   <div class='ocr_carea' id='block_1_9' title="bbox 294 3406 1984 3479">
    <p class='ocr_par' dir='ltr' id='par_1_13' title="bbox 294 3406 1984 3479">
     <span class='ocr_line' id='line_1_37' title="bbox 294 3406 1984 3479; baseline 0.004 -25"><span class='ocrx_word' id='word_1_268' title='bbox 294 3406 467 3456; x_wconf 77' lang='lat' dir='ltr'>Suidas</span> <span class='ocrx_word' id='word_1_269' title='bbox 501 3426 536 3455; x_wconf 88' lang='lat' dir='ltr'>s.</span> <span class='ocrx_word' id='word_1_270' title='bbox 565 3426 607 3455; x_wconf 89' lang='lat' dir='ltr'>v.</span> <span class='ocrx_word' id='word_1_271' title='bbox 637 3410 837 3470; x_wconf 65' lang='grc' dir='ltr'>καρποῦ</span> <span class='ocrx_word' id='word_1_272' title='bbox 870 3411 986 3470; x_wconf 69' lang='grc' dir='ltr'>δίκη</span> <span class='ocrx_word' id='word_1_273' title='bbox 1006 3433 1017 3458; x_wconf 92' lang='grc'>.·</span> <span class='ocrx_word' id='word_1_274' title='bbox 1061 3414 1119 3459; x_wconf 70' lang='grc' dir='ltr'>Οἵ</span> <span class='ocrx_word' id='word_1_275' title='bbox 1149 3412 1236 3479; x_wconf 73' lang='grc' dir='ltr'>γῆς</span> <span class='ocrx_word' id='word_1_276' title='bbox 1263 3409 1710 3475; x_wconf 62' lang='grc' dir='ltr'>ἀμφισβητοῦντες</span> <span class='ocrx_word' id='word_1_277' title='bbox 1739 3409 1801 3469; x_wconf 73' lang='grc' dir='ltr'>ὥς</span> <span class='ocrx_word' id='word_1_278' title='bbox 1829 3431 1984 3477; x_wconf 76' lang='grc' dir='ltr'><em>προσ-</em></span> 
     </span>
    </p>
   </div>
  </div>
 </body>
</html>
