2114 3642
741 183 1149 215 COMMENTARIUS
1179 186 1244 217 AD
1276 184 1356 218 904.
1862 177 1959 223 533

125 310 475 372 contribuisse,
517 318 564 358 et
590 310 714 356 hanc
743 326 918 355 census
948 317 1162 373 partem,
1205 313 1263 359 de
1305 331 1401 377 qua
1440 314 1675 362 tributum
1711 318 1964 367 conferen»

125 395 241 442 dum
270 401 397 451 erat,
439 401 660 440 vocatam
689 391 834 439 fuisse
863 391 1065 452 τίμημα.

266 476 316 525 Si
334 477 495 540 itaque
524 474 730 539 quilibet
758 473 935 520 civium
964 475 1425 540 quinquagesimam
1452 498 1648 528 suarum
1676 482 1963 531 facultatum

124 568 316 627 partem
356 559 524 607 debuit
563 557 809 612 conferre,
866 564 979 605 tunc
1026 561 1549 623 pentacosiomedimni
1603 564 1854 613 solverunt
1904 567 1962 614 116

124 644 253 693 0111111
284 660 432 692 6611811
457 640 644 688 minimi
673 648 940 705 proventus
971 643 1100 700 (500
1120 647 1173 700 ><
1206 643 1263 689 12
1287 666 1339 682 Ξ
1365 646 1527 705 6000)
1558 647 1815 697 drachmas
1846 650 1960 708 120,

124 728 309 792 equites
337 732 499 773 autem
524 723 709 770 minimi
752 731 1020 787 proventus
1060 725 1215 772 solum
1256 725 1315 774 de
1361 727 1594 777 dextante
1632 748 1803 779 census
1831 733 1962 791 (300

121 810 259 867 ><12
288 828 297 856 :
324 810 384 867 76)
424 807 683 855 drachmas
719 808 809 865 60,
853 815 899 853 et
939 808 1127 855 minimi
1167 817 1434 873 proventus
1468 813 1725 876 jugatores
1764 817 1959 864 nonnisi

121 893 180 940 de
207 893 242 946 79
268 909 444 939 66118118
472 890 696 955 partibus
726 891 993 951 (150‘><12
1024 910 1032 938 :
1060 888 1123 951 79)
1153 892 1411 941 drachmas
1440 895 1627 957 viginti.

262 974 611 1023 Examinemus
631 974 734 1037 jam
762 973 890 1020 hanc
917 974 1346 1038 computationem.

262 1068 470 1118 Annuus
499 1069 715 1132 equitum
745 1075 1016 1133 proventus
1052 1069 1213 1115 effecit
1252 1070 1407 1116 300
1431 1072 1530 1117 499
1559 1073 1843 1135 drachmas,
1877 1077 1955 1140 ju-

117 1161 346 1217 gatorum
375 1159 538 1200 autem
567 1151 839 1199 secundum
867 1150 1173 1198 Boeckhium
1213 1152 1411 1216 quidem
1453 1154 1728 1203 1502--299
1757 1157 1841 1217 (hu,
1883 1177 1955 1206 se-

118 1237 333 1285 cundum
359 1242 576 1284 nostram
603 1235 896 1282 sententiam
938 1251 1052 1281 vero
1082 1234 1360 1282 200--ff--299
1389 1236 1456 1284 dr.
1507 1238 1548 1285 F
1551 1238 1778 1301 ingamus
1805 1241 1956 1305 igitur

118 1320 329 1384 equitem
369 1318 596 1367 habuisse
636 1335 852 1365 annuum
898 1325 1193 1382 proventum
1246 1320 1348 1366 490
1390 1319 1747 1370 drachmarum.
1814 1322 1955 1373 Tunc

117 1403 275 1451 omnis
303 1403 409 1467 eJ'us
436 1419 610 1450 census
651 1401 813 1449 effecit
841 1401 1301 1457 490><12z5880
1329 1403 1613 1464 drachmas,
1655 1405 1842 1467 τίμημα
1871 1426 1953 1456 au-

115 1496 215 1536 tem
254 1487 391 1534 5880
419 1505 429 1533 ;
457 1486 727 1541 75384900
765 1485 1047 1551 drachmas,
1090 1494 1137 1534 et
1176 1486 1288 1535 hinc
1328 1487 1679 1537 conferendum
1717 1491 1950 1540 tributum

117 1571 293 1618 4900:
324 1570 552 1617 50:98
588 1568 859 1617 drachmas.
914 1569 1032 1628 Quis
1065 1569 1170 1633 jam
1211 1570 1466 1619 crediderit
1507 1572 1720 1636 equitem
1760 1575 1952 1622 nonnisi

116 1655 182 1701 98
209 1653 466 1702 drachmas
494 1651 783 1712 contulisse,
827 1651 942 1699 1111111
981 1654 1546 1717 pentacosiomedimnus
1585 1673 1613 1702 a
1651 1658 1751 1703 500
1779 1657 1951 1705 drach-

114 1738 204 1787 mis
236 1738 334 1783 120
362 1736 619 1784 drachmas
649 1735 894 1783 eontulit?
946 1736 1238 1799 Hujusmodi
1275 1738 1403 1784 enim
1430 1740 1950 1803 pentacosiomedimni

114 1827 383 1885 proventus
436 1819 604 1866 decem
655 1825 844 1866 tantum
896 1817 1137 1866 drachmis
1189 1821 1441 1884 superavit
1491 1830 1784 1885 proventum
1821 1824 1949 1872 illius

114 1903 316 1968 equitis,
367 1919 462 1967 quo
514 1909 659 1967 pacto
710 1901 859 1964 igitur
899 1901 1148 1950 debuisset
1187 1903 1252 1949 22
1294 1903 1534 1952 drachmis
1574 1904 1683 1970 plus
1723 1908 1945 1956 conferre

112 2005 259 2052 quam
287 1985 478 2050 eques?

252 2070 524 2134 Fingamus
564 2086 712 2133 porro
744 2068 988 2133 jugatoris
1029 2069 1236 2133 alicujus
1277 2088 1493 2119 annuum
1520 2080 1817 2137 proventum
1845 2075 1946 2123 290

110 2154 367 2203 drachmas
407 2152 654 2212 effecisse,
708 2159 755 2199 et
795 2168 1136 2216 comparemus
1186 2151 1315 2202 hunc
1354 2164 1651 2220 proventum
1692 2174 1802 2204 cum
1843 2159 1945 2206 300

110 2236 449 2286 drachmarum
476 2243 720 2301 proventu
747 2235 953 2300 alicujus
983 2236 1169 2300 equitis.
1223 2236 1379 2285 Totus
1400 2238 1649 2303 jugatoris
1676 2256 1848 2288 census
1878 2241 1943 2288 ef-

107 2321 302 2369 fecisset
329 2318 786 2378 290><12=3480
814 2317 1093 2379 drachmas,
1134 2319 1278 2383 hujus
1305 2320 1492 2382 τίμημα
1521 2322 1944 2377 348οῑ79Ξ1930

108 2403 196 2463 dra,
237 2410 286 2450 ct
312 2403 666 2451 conferendum
693 2403 929 2450 tributum
962 2403 1120 2450 1930:
1147 2404 1353 2450 50:38
1382 2405 1653 2454 drachmas.
1706 2407 1941 2466 Quamvis

106 2487 254 2549 igitur
301 2502 448 2549 eques
495 2485 688 2534 nonnisi
728 2486 898 2534 decem
939 2485 1178 2534 drachmis
1217 2487 1449 2552 majorem
1490 2488 1693 2537 haberet
1731 2509 1940 2555 proven-

106 2577 235 2630 tum,
277 2576 443 2616 tamen
471 2569 535 2614 22
565 2568 804 2616 drachmis
834 2568 944 2633 plus
972 2567 1224 2616 debuisset
1253 2570 1508 2631 conferre,
1546 2589 1692 2635 quam
1710 2573 1940 2636 jugator!

248 2653 386 2700 Haec
425 2651 671 2701 sufficient
709 2652 769 2700 ad
806 2651 1182 2717 improbandam
1223 2652 1488 2702 doctissimi
1529 2655 1764 2704 Boeckhii
1807 2674 1936 2706 com-

104 2736 424 2802 putationem.

247 2817 437 2867 Similes
464 2818 615 2866 habet
637 2818 950 2868 difficultates
967 2821 1268 2885 computatio
1286 2822 1588 2869 celeberrimi
1609 2822 1755 2886 Angli
1783 2822 1937 2874 Grote

107 2904 410 2966 (History
439 2921 464 2950 o
483 2902 507 2950 f
530 2901 776 2951 Greece
805 2902 911 2951 Vol.
940 2904 1026 2952 III.
1055 2921 1099 2968 p.
1132 2905 1283 2963 156),
1326 2922 1349 2952 e
1379 2906 1516 2970 cujus
1551 2907 1797 2956 sententia
1823 2927 1912 2974 pro

105 2994 276 3034 ventus
302 2985 823 3051 pentacosiomedimni
852 3002 940 3051 per
969 2986 1060 3046 12,
1103 2988 1278 3050 equitis
1305 3005 1394 3052 per
1428 2990 1487 3034 10
1515 2996 1562 3037 et
1580 2989 1822 3053 jugatoris
1850 3010 1936 3058 per

110 3072 137 3115 5
167 3068 313 3117 debet
339 3068 678 3132 multiplicari,
716 3077 768 3117 ut
807 3070 960 3117 omnis
1001 3087 1167 3117 eorum
1208 3086 1380 3119 census
1418 3081 1678 3137 appareat,
1721 3076 1800 3140 qui
1828 3084 1933 3124 tan-

108 3169 251 3214 quam
288 3153 477 3213 τίμημα
517 3169 709 3216 1111011116
751 3154 811 3200 sit
850 3153 1246 3202 considerandus.
1305 3153 1584 3205 Secundum
1625 3158 1749 3207 hanc
1787 3161 1933 3223 igitur

109 3236 517 3298 computationem
543 3235 770 3283 minimus
797 3253 970 3284 census
999 3235 1070 3284 vel
1099 3237 1286 3298 τίμημα
1314 3241 1830 3303 pentacosiomedimni
1864 3244 1932 3291 ef-

110 3318 278 3366 ficeret
316 3318 450 3365 6000
491 3318 818 3379 (500><12),
859 3319 1032 3382 equitis
1071 3320 1209 3367 3000
1246 3322 1566 3383 (300><10)
1606 3331 1653 3372 et
1684 3325 1932 3391 jugatoris
