2114 3642
570 225 978 257 COMMENTAnms
1017 225 1073 255 m
1102 222 1184 258 489.
1211 222 1292 256 490.
1321 222 1402 257 492.
1431 223 1512 258 493.
1541 223 1621 258 494.
1876 212 1973 261 481

918 348 1015 401 Ad
1046 350 1199 403 489.

284 444 563 495 Secundum
602 446 931 495 calendarium
971 448 1209 497 festorum
1248 449 1547 512 imaginibus
1589 466 1872 514 expressum
1910 450 1978 496 vi-

142 529 316 577 dentur
356 530 554 578 Lenaea
592 547 757 578 mense
798 531 1142 596 Pyanepsione
1188 533 1439 580 celebrata
1478 532 1640 580 fuisse.
1697 532 1978 591 (Boetti-

141 613 210 659 ch
228 630 251 659 e
271 631 317 660 r:
362 612 681 663 Athenischer
710 612 1065 661 Festkalender
1091 614 1140 660 in
1169 614 1383 661 Bildern.
1426 613 1695 677 Gottingae
1724 614 1902 671 1865.)

282 694 355 743 Cf.
385 696 566 743 Lexica
593 693 795 759 Seguer.
825 714 869 759 p.
888 695 1004 742 278.
1034 695 1197 743 Schol.
1226 696 1275 743 in
1294 697 1606 762 Aristophan.
1627 696 1840 746 Acharn.
1860 698 1976 746 202.

917 834 1015 886 Ad
1043 837 1197 888 490.

279 944 501 1008 Thucyd.
544 945 604 1003 H,
648 946 737 993 15:
791 947 846 995 In
886 946 1120 995 honorem
1161 945 1340 994 Bacchi
1380 945 1430 992 in
1472 945 1655 993 Limnis
1708 948 1976 996 vetustiora

137 1027 468 1075 Bacchanalia
507 1028 812 1076 celebrantur
858 1028 1144 1077 duodecimo
1198 1029 1274 1076 die
1326 1028 1509 1075 mensis
1555 1028 1973 1091 Anthesterionis,

136 1110 544 1176 quemadmodum
571 1129 701 1159 nunc
729 1129 924 1175 quoque
952 1111 1080 1175 apud
1110 1112 1280 1165 Jones,
1310 1112 1372 1159 ab
1404 1111 1786 1161 Atheniensibus
1814 1115 1973 1162 oriun-

137 1195 251 1252 dos,
291 1212 395 1242 mos
425 1203 510 1242 est.

916 1263 1014 1314 Ad
1039 1265 1194 1316 492.

276 1371 670 1420 Plutarchus
696 1372 881 1420 ibidem
909 1373 1186 1420 continuat:
1232 1371 1375 1436 Apud
1403 1390 1492 1421 nos
1520 1375 1701 1423 mensis
1735 1378 1973 1437 Προστα-

134 1453 298 1518 τήριος
326 1446 648 1520 (patronalis)
678 1455 881 1514 dicitur,
921 1464 1156 1519 sextaque
1198 1456 1299 1520 ejus
1340 1456 1415 1504 die
1458 1464 1693 1506 statutum
1724 1470 1796 1507 est
1823 1461 1972 1508 sacris

134 1542 272 1589 Bono
301 1539 460 1588 Genio
503 1534 718 1603 (ἀγαθῷ
758 1536 991 1600 δαίμονι)
1034 1539 1178 1587 factis
1217 1548 1414 1603 gustare
1457 1541 1625 1589 vinum
1666 1551 1778 1606 post
1804 1544 1972 1591 flatum

131 1623 338 1672 Favonii
367 1617 526 1683 (μετὰ
558 1623 829 1682 ζέφυρυι’);
870 1624 908 1671 is
951 1623 1082 1670 enim
1110 1632 1287 1670 ventus
1316 1624 1535 1671 omnium
1562 1626 1774 1673 maxime
1804 1626 1972 1673 vinum

131 1714 296 1756 movet
322 1723 378 1754 ac
405 1714 586 1766 mutat,
627 1715 674 1753 et
702 1706 831 1769 quod
859 1707 1027 1753 vinum
1054 1705 1184 1753 hunc
1212 1706 1535 1768 subterfugit,
1578 1708 1625 1755 id
1643 1709 1752 1772 jam
1780 1709 1972 1757 videtur

128 1791 517 1855 perduraturum.

910 1857 1008 1909 Ad
1034 1859 1188 1910 493.

273 1966 485 2015 Schol.
527 1967 599 2014 ad
639 1966 1064 2033 Aristophan.
1106 1968 1376 2017 Acharn.
1420 1969 1547 2016 961:
1601 1969 1727 2019 Cum
1766 1969 1964 2017 Orestes

130 2060 243 2117 post
271 2050 471 2098 caedem
498 2050 666 2097 matris
694 2050 916 2098 Athenas
945 2050 1174 2112 venisset,
1206 2068 1300 2114 quo
1329 2059 1550 2116 tempore
1581 2052 1761 2101 festum
1788 2054 1967 2101 Bacchi

132 2134 315 2184 Lenaei
355 2133 723 2195 celebrabatur,
778 2152 839 2182 ne
879 2135 1145 2184 earundem
1184 2135 1474 2183 libationum
1516 2137 1762 2201 particeps
1804 2137 1965 2196 fieret,

129 2218 319 2268 Pandio
359 2218 453 2267 tale
494 2217 607 2283 quid
647 2220 961 2284 excogitavit.
1014 2219 1229 2283 Singulis
1271 2219 1492 2267 convivis
1534 2221 1763 2283 csnigium
1804 2218 1964 2280 (χοᾶ)

131 2302 363 2369 apposuit
391 2310 439 2350 et
467 2319 524 2350 ex
553 2321 609 2351 eo
637 2303 807 2351 bibere
841 2304 1012 2367 jussit,
1054 2304 1221 2352 vinum
1258 2322 1358 2351 non
1384 2304 1670 2363 miscentes,
1713 2322 1772 2351 ne
1802 2321 1858 2350 ex
1887 2321 1965 2350 eo-

128 2386 239 2433 dem
280 2394 466 2433 cratere
507 2385 706 2434 Orestes
745 2387 959 2447 biberet,
998 2404 1122 2434 neve
1163 2404 1310 2450 aegre
1351 2388 1524 2443 ferret,
1564 2387 1602 2433 si
1629 2388 1732 2451 ipse
1759 2388 1892 2434 solus
1920 2396 1966 2434 et

127 2469 390 2535 separatim
420 2469 482 2517 ab
509 2469 616 2517 aliis
644 2469 850 2517 biberet.
904 2469 1024 2519 Inde
1053 2469 1215 2517 Choes
1257 2469 1438 2517 festum
1478 2469 1610 2534 apud
1638 2469 1965 2517 Athenienses

127 2552 366 2601 celebrari
396 2552 568 2616 coepit.

268 2633 452 2683 Eadem
480 2633 628 2683 habet
655 2634 917 2683 scholiasta
944 2637 1005 2684 ad
1036 2635 1350 2699 Aristophan.
1380 2635 1537 2698 Equit.
1569 2637 1648 2682 95.

888 2756 1002 2815 ‘Ad
1027 2764 1182 2815 494.

268 2861 443 2911 Suidas
470 2879 505 2908 s.
534 2878 577 2908 v.
607 2854 800 2921 Χύτροι
822 2879 835 2905 .·
876 2861 1062 2909 Eodem
1091 2861 1166 2909 die
1196 2860 1370 2926 Chytri
1399 2871 1444 2907 et
1472 2859 1634 2909 Choes
1660 2863 1959 2927 agebantur3

124 2946 174 2993 in
200 2963 297 3011 quo
326 2961 467 2992 omne
493 2943 687 2991 seminis
715 2960 871 3008 genus
899 2945 944 2991 in
976 2945 1073 2992 olla
1108 2944 1289 2992 elixum
1317 2944 1513 2990 Baccho
1548 2952 1594 2991 et
1620 2943 1862 2994 Mercurio
1890 2948 1959 2995 os-

126 3027 364 3077 ferebant.
417 3026 772 3091 Theopompus
802 3045 918 3075 vero
945 3027 1091 3074 tradit
1119 3044 1228 3087 eos,
1269 3027 1350 3090 qui
1379 3026 1562 3074 diluvio
1589 3028 1957 3093 superfuissent,

126 3111 274 3158 mixta
312 3111 470 3159 omnis
511 3109 706 3173 generis
744 3110 931 3157 semina
972 3110 1019 3155 in
1060 3110 1155 3156 olla
1183 3110 1401 3168 coxisse,
1442 3118 1490 3156 et
1515 3110 1563 3157 in
1590 3111 1740 3158 sacris
1767 3110 1958 3159 Choum

125 3191 364 3241 Mercurio
391 3193 593 3241 Inferno
621 3192 884 3244 obtulisse:
925 3192 983 3239 de
1011 3191 1276 3238 seminibus
1305 3200 1467 3239 autem
1494 3193 1543 3239 in
1571 3192 1669 3241 olla
1696 3194 1846 3241 coctis
1874 3210 1955 3240 ne—

125 3275 304 3322 minem
343 3284 578 3339 gustasse.
631 3275 686 3323 Id
726 3284 889 3322 autem
928 3275 1126 3333 fecisse,
1168 3275 1250 3338 qui
1291 3275 1475 3322 diluvio
1516 3277 1803 3340 superstites
1838 3276 1954 3323 fuis-

126 3366 261 3419 sent,
302 3366 353 3405 ut
380 3358 674 3406 Mercurium
702 3359 905 3406 mortuis
934 3358 1196 3421 propitium
1224 3357 1498 3406 redderent.

1618 3439 1666 3478 31
