2161 3673
365 228 545 262 NOVEM
572 225 885 259 ARCHONTEs,
916 235 957 241 -
986 222 1348 259 MAGISTRATUS
1373 221 1608 255 POLITICI.
1836 206 1900 253 57

220 441 279 489 Οἱ
309 437 616 499 θεσμοθέται
642 430 999 497 ἐπιμελοῦνται
1026 433 1115 479 καὶ
1142 430 1224 489 τῆς
1253 427 1552 494 εὐκοσμίας,
1581 431 1671 477 καὶ
1700 427 1901 493 νύκτωρ

78 521 343 589 περιϊόντες
369 516 619 570 σκοποῦσι
641 514 711 582 μή
737 534 867 571 τινες
894 510 1119 582 ἀρπαγαί
1146 516 1437 582 γίγνωνται.

768 599 958 661 (Schol.
985 600 1035 648 in
1062 599 1315 649 Demosth⁶
1343 598 1459 649 Mid.
1489 598 1606 661 525,
1636 598 1758 658 28.)

932 708 1048 757 214.

217 797 597 846 Thesmothetae
625 796 772 844 etiam
796 791 1064 841 modestiae
1093 807 1256 840 curam
1287 799 1496 854 gerunt,
1539 797 1587 840 et
1624 797 1772 840 noctu
1810 791 1901 839 oir-

77 887 360 931 cumeuntes
386 878 673 945 invigilant,
699 894 761 926 ne
790 875 1158 926 committantur
1181 881 1362 941 raptus.

934 982 1052 1031 214.

222 1067 352 1126 Τούς
395 1070 709 1132 θεσμοθέτας
748 1069 874 1113 καθ’
924 1068 1141 1113 ἕκαστον
1180 1060 1415 1111 ἐνιαυτὸν
1450 1060 1703 1126 διορθοῦν
1741 1066 1797 1110 ε”ν
1835 1062 1907 1126 τῴ

81 1152 219 1217 δήμῳ
259 1172 380 1208 τους
418 1150 635 1215 νόμους,
684 1147 907 1213 ἀκριβῶς
944 1145 1299 1207 ἐξετάσαντας,
1340 1148 1430 1193 καὶ
1468 1148 1823 1211 σκεψαμένους
1863 1144 1913 1193 ει’

77 1257 148 1291 τις
176 1233 550 1303 ἀναγέγραπται
588 1231 742 1296 νόμος
781 1232 1011 1285 εναντίος
1052 1232 1197 1293 ἑτέρω
1238 1226 1380 1292 νόμῳ
1422 1224 1450 1287 ἢ
1487 1223 1678 1291 ἄκυρος
1717 1233 1773 1277 ἐν
1804 1236 1907 1283 τοῖς

78 1320 302 1415 κυρίοις,
344 1339 369 1377 η
399 1318 448 1366 εἴ
469 1315 567 1366 πού
608 1318 703 1364 εισι
745 1312 893 1378 νόμοι
934 1314 1134 1367 πλείους
1175 1309 1287 1368 ενὸς
1327 1309 1765 1379 ἀναγεγραμμένοι
1800 1331 1908 1374 περι

80 1399 288 1460 ἑκάστης
327 1399 566 1468 πράξεως·
607 1394 716 1447 κάν
752 1418 800 1445 τι
839 1396 1081 1445 τοιοῦτον
1120 1390 1452 1459 εὑρίσκωσιν,
1494 1391 1909 1462 ἀναγεγραφότας

79 1488 133 1533 ἐν
158 1485 359 1533 σανίσιν
383 1485 645 1532 ἐκτιθέναι
671 1481 902 1546 πρόσθεν
927 1481 1029 1529 τῶν
1054 1477 1347 1543 ἐπωνύμων.

359 1567 614 1630 (Aeschin.
640 1569 691 1617 in
717 1567 1024 1633 Ctesiphont.
1053 1563 1096 1632 ξ.
1129 1565 1351 1614 38-39,
1379 1564 1484 1613 Lex
1512 1561 1766 1622 Solonis).

937 1673 1052 1720 215.

219 1757 600 1807 Thesmothetae
638 1759 774 1821 leges
814 1756 1077 1821 quotannis
1115 1755 1166 1803 in
1204 1755 1391 1820 populo
1432 1754 1706 1819 corrigant,
1761 1770 1911 1818 quum

78 1840 341 1904 diligenter
365 1841 734 1906 inquisiverint‚
763 1847 810 1889 et
838 1839 1177 1899 considerent2
1202 1846 1366 1887 utrum
1393 1839 1472 1887 lex
1499 1837 1640 1887 alteri
1666 1836 1764 1901 legi
1794 1853 1908 1884 oon-

55 1924 226 1973 -traria
252 1923 496 1985 obtineat,
537 1933 618 1974 aut
659 1924 796 1974 irrita
831 1924 959 1973 inter
998 1930 1152 1983 ratas,
1193 1930 1277 1971 aut
1315 1921 1470 1970 sicubi
1503 1922 1613 1987 plus
1642 1937 1788 1984 quam
1812 1936 1910 1967 una

79 2006 141 2055 sit
167 2005 227 2055 de
254 2005 474 2071 qualibet
500 2023 550 2055 re
576 2007 864 2072 perscripta.
917 2006 1060 2067 Quod
1101 2006 1139 2055 si
1179 2003 1295 2071 quid
1329 2004 1608 2070 hujusmodi
1635 2002 1908 2069 deprehen-

82 2089 267 2150 derint,
308 2107 389 2139 eas
427 2092 477 2140 in
515 2092 696 2141 tabulis
736 2092 984 2158 decriptas
1023 2110 1113 2158 pro
1152 2091 1324 2141 decem
1361 2091 1564 2168 heroum
1598 2090 1770 2140 statuis
1797 2106 1908 2155 pro-

81 2181 278 2238 ponant

859 2303 1041 2369 Τμῆμα
1078 2301 1144 2367 β’·

584 2398 866 2465 Ἀρχαί
929 2402 1389 2449 πολιτικαί.

869 2569 1031 2619 Sectio
1075 2570 1118 2619 2.

620 2664 1051 2730 Magistratus
1088 2664 1371 2731 politici.

940 2784 1056 2833 216.

225 2864 286 2912 Οἱ
326 2862 685 2927 νομοφύλακες
729 2867 989 2930 στροφίοις
1029 2869 1233 2919 λευκοῖς
1270 2862 1529 2926 χρῶνται,
1583 2865 1673 2911 καὶ
1711 2866 1768 2912 ἐν
1805 2869 1912 2918 ταῖς

84 2949 222 3001 θέαις
249 2950 328 2995 ἐπὶ
357 2945 566 3011 θρόνων
603 2946 861 3008 κάθηνται
901 2953 1014 2997 κατ’
1050 2945 1267 3014 ἀντικρύ
1308 2945 1412 2995 τῶν
1449 2950 1594 2995 ἐννέα
1620 2944 1912 3011 ἀρχόντων·

82 3032 173 3076 καὶ
199 3029 261 3092 τῇ
289 3029 523 3079 Παλλάδι
550 3030 642 3090 τήν
671 3030 877 3096 πομπὴν
916 3031 1198 3096 κοσμοῦσι,
1240 3027 1321 3078 ὅτε
1348 3031 1611 3094 κομίζεται
1639 3028 1696 3080 τό
1722 3027 1914 3089 ξόανον

83 3114 162 3160 ἐπὶ
187 3110 282 3171 τήν
310 3111 604 3163 θάλασσαν·
644 3113 996 3184 ἀναγκάζουσι
1037 3115 1086 3164 δὲ
1126 3118 1215 3162 καὶ
1250 3111 1339 3169 τάς
1374 3110 1533 3177 ἀρχάς
1552 3114 1781 3178 χρῆσθαι
1808 3118 1912 3167 τοῖς

84 3193 283 3258 νόμοις·
337 3199 425 3245 καὶ
462 3201 518 3247 ἐν
554 3204 662 3254 ταῖς
701 3201 990 3260 ἐκκλησίαις
1029 3196 1288 3256 κάθηνται
1322 3194 1450 3261 μετὰ
1491 3197 1594 3246 τῶν
1628 3195 1910 3264 προέδρων,

86 3276 365 3335 κωλύοντες
407 3282 676 3345 ψηφίζει-ιν,
718 3282 768 3331 εἴ
787 3304 833 3331 τι
861 3280 1164 3346 παράνομον
1191 3277 1364 3337 αὐτοῖς
1393 3279 1586 3340 δόξειεν
1614 3279 1642 3341 ἢ
1669 3279 1911 3345 ἀσύμφο-

86 3380 176 3424 ρον
201 3360 258 3425 τῇ
287 3360 436 3412 πόλει.
835 3366 1063 3429 (Suidas:
1105 3365 1151 3411 οἱ
1184 3363 1539 3429 νομοφύλακες
1567 3367 1697 3423 τίνες
1713 3366 1770 3429 ,·).
