2161 3673
215 260 283 312 82
947 272 1027 305 :ms
1053 267 1335 302 PUBLICUM.

1080 395 1196 443 331.

357 485 452 547 Qui
478 505 580 536 non
607 485 857 543 militavit,
898 498 960 528 ne
989 479 1259 528 exercitum
1286 478 1444 528 ducat.

1077 587 1195 635 332.

360 673 491 730 Τοὺς
534 668 837 738 στρατηγούς
878 665 1104 733 ὀμνύναι
1145 663 1309 731 ὅρκον
1340 666 1532 730 μεταξύ
1562 667 1659 716 τοῦ
1684 666 1827 724 ἕδους
1854 671 1943 715 καὶ
1971 666 2055 726 τῆς

213 762 458 823 τραπέζης.
1236 752 1493 813 (Dinarch.
1522 771 1558 802 c.
1587 753 1793 802 Philocl.
1822 753 1910 812 2.).

1073 835 1189 884 332.

354 925 473 973 Belli
513 923 659 971 duces
691 923 860 988 jurent
901 919 1251 985 jusjurandum
1301 919 1428 968 inter
1475 920 1670 984 signum
1708 920 1963 970 Minervae
2006 926 2055 967 et

213 1025 446 1058 mensam.

358 1157 489 1216 Tov‘g
518 1155 856 1226 στρατηγούς,
898 1153 1026 1205 ὅταν
1053 1153 1282 1219 ὀμνύωσι
1308 1152 1403 1203 τὸν
1429 1153 1646 1219 πάτριον
1675 1152 1864 1218 ὅρκον,
1893 1159 2051 1217 ἐπομ-

213 1242 382 1300 νύειν,
422 1239 500 1291 ὅτι
540 1246 631 1290 καὶ
672 1240 745 1298 δὶς
787 1238 885 1290 ἀνα
921 1239 1025 1288 πᾶν
1064 1240 1172 1295 ἔτος
1205 1241 1272 1295 εἰς
1298 1236 1392 1297 τὴν
1418 1236 1726 1305 ,Μεγαρικὴν
1755 1236 2050 1302 ἐμβαλοῦσι.

1229 1324 1503 1384 (Plutarch.
1532 1323 1758 1372 Pericles.
1788 1324 1910 1383 30.).

354 1494 478 1545 Belli
505 1493 674 1556 duces,
702 1511 813 1543 cum
841 1511 891 1542 se
920 1498 1227 1541 sacramento
1256 1507 1284 1537 a
1309 1490 1576 1554 majoribus
1604 1497 1810 1557 accepto
1840 1491 2050 1540 obstrin-

212 1587 360 1646 gunt,
399 1580 595 1645 jurent,
649 1578 724 1626 bis
764 1576 1026 1642 quotannis
1065 1592 1115 1624 se
1155 1575 1206 1622 in
1244 1573 1591 1638 Megarensem
1629 1591 1801 1639 agrum
1839 1574 2053 1623 facturos

212 1665 460 1731 impetum.

1079 1730 1193 1778 334.

360 1813 465 1864 Τὸν
490 1812 688 1874 ἐξιόντα
725 1815 803 1862 ἐπὶ
837 1810 1063 1876 πόλεμον
1103 1807 1382 1878 στρατηγὸν
1419 1812 1828 1873 παρατίθεσθαι,
1870 1813 1918 1859 εἰ
1942 1812 2053 1873 ἔχοι

218 1902 470 1967 θυγατέρα
487 1936 500 1957 ,
540 1897 614 1962 τῷ
639 1893 977 1963 συστρατὴγῳ.

637 1981 913 2047 (Anonymi
940 1980 1086 2029 schol.
1114 1979 1176 2028 ad
1204 1986 1311 2028 stat.
1340 1980 1456 2028 419.
1485 1997 1591 2045 cap.
1610 1979 1746 2041 XIX,
1779 1979 1903 2041 15.).

1075 2086 1192 2135 334.

355 2175 468 2225 Dux
496 2175 737 2224 exercitus
764 2172 826 2223 ad
851 2172 1039 2221 bellum
1066 2170 1234 2219 exiens
1263 2170 1437 2229 filiam,
1479 2169 1517 2218 si
1545 2170 1750 2230 habeat,
1791 2170 1925 2236 apud
1951 2169 2049 2219 col-

213 2257 378 2324 legam
405 2260 634 2325 deponat.

1077 2324 1192 2372 335.

361 2410 492 2468 Τους
533 2406 839 2475 στρατηγούς
876 2404 1077 2455 τάττειν
1115 2407 1183 2459 εἰς
1227 2403 1313 2461 τάς
1346 2403 1586 2465 φυλακάς
1612 2405 1716 2453 τῶν
1748 2403 2050 2465 Ἀθηναίων

215 2500 306 2544 καὶ
333 2496 434 2544 τῶν
461 2492 632 2544 ἄλλων
666 2490 958 2542 οἰκούντων
992 2486 1272 2548 Ἀθήνησι,
1317 2493 1444 2537 καθ’
1480 2486 1508 2537 ὅ
1536 2510 1580 2537 τι
1609 2486 1677 2541 ἄν
1704 2487 1877 2545 αὐτοῖς
1905 2488 2050 2552 δοκῇ,

1125 2575 1366 2640 (Lycurg.
1395 2593 1433 2623 c.
1463 2575 1685 2624 Leocrat.
1714 2572 1909 2640 §.16.).

360 2770 484 2820 Belli
511 2769 657 2821 duces
685 2768 913 2821 ordinent
939 2765 1001 2816 ad
1041 2765 1268 2814 excubias
1304 2765 1501 2830 quosvis
1528 2765 1903 2817 Atheniensium
1929 2765 2048 2815 alio-

219 2871 426 2919 rumque
455 2854 811 2904 demorantium
836 2851 1073 2912 Athenis,
1114 2856 1357 2914 quatenus
1384 2849 1502 2914 ipsis
1530 2850 1690 2898 visum
1715 2850 1873 2900 fuerit.

1077 2955 1194 3004 336.

364 3053 425 3100 Oi
464 3057 726 3120 στρατηγοὶ
766 3050 1114 3121 ἐγγράφουσιν
1158 3052 1227 3105 εἰς
1274 3049 1562 3113 συμμορίαν
1611 3053 1701 3097 καὶ
1745 3046 2050 3112 τριήραρχον

219 3135 511 3184 καθιστᾶσι.
1035 3135 1313 3198 (Demosth.
1344 3135 1453 3203 adv.
1482 3136 1650 3184 Boeot.
1680 3136 1715 3183 Ι.
1745 3135 1905 3193 997.)

1075 3241 1189 3289 336.

364 3326 486 3375 Belli
514 3325 660 3375 duces
688 3326 959 3375 inscribunt
984 3325 1114 3374 cives
1142 3325 1191 3372 in
1217 3323 1421 3372 classem
1459 3324 1695 3372 tributum
1729 3324 2044 3388 pendentium

223 3418 269 3459 et
297 3410 612 3459 trierarcham
639 3410 952 3458 constituunt.
