2114 3642
679 171 1082 202 COMMENTAfflvss
1117 170 1182 202 ,11)
1211 170 1291 204 904.
1321 172 1402 202 905.
1853 156 1952 202 535

255 295 305 343 Si
330 296 480 357 igitur
507 297 912 360 quinquagesima
938 315 1052 361 pars
1094 299 1380 346 facultatum
1422 298 1581 345 fuerat
1621 298 1949 355 conferenda,

111 397 258 444 eques
307 396 558 443 nunquam
621 378 800 434 11913‘25
852 388 898 426 et
941 380 1144 443 jugator
1205 398 1455 445 nunquam
1508 380 1568 426 71
1594 379 1659 435 ¹325
1711 378 1949 426 drachmis

109 462 218 526 plus
257 461 505 509 debuisset
545 460 783 509 conferre.
846 461 1502 510 Pentacosiomedimnorum
1553 470 1719 508 autem
1767 460 1949 508 reditus

110 545 254 592 nullis
295 552 435 592 erant
473 543 690 592 terminis
729 543 1108 609 circumscripti:
1147 545 1310 608 itaque
1339 546 1375 593 si
1406 545 1453 592 hi
1491 544 1652 601 1000,
1694 543 1769 590 vel
1812 544 1948 589 4000

110 628 189 675 vel
230 627 416 687 10,000
455 627 535 674 vel
575 634 994 691 quantascumque
1044 626 1300 674 drachmas
1356 628 1660 686 effecissent,
1715 627 1947 674 tributum

108 728 304 774 semper
328 704 631 774 pro'viribus
658 708 833 756 horum
863 709 1108 757 redituum
1135 710 1400 758 crescebat.

248 793 323 840 Ex
349 792 422 839 his
442 792 549 856 jam
585 792 712 839 effici
754 793 957 857 cogique
998 800 1186 857 potest,
1230 793 1461 842 Solonem
1500 792 1946 858 pentacosiomedi—

109 877 234 923 mnis
263 875 400 922 6000
427 874 681 923 drachmas
709 892 794 922 seu
821 876 1084 935 talentum,
1115 875 1367 939 equitibus
1396 877 1533 923 3000
1561 875 1834 934 drachmas,
1862 892 1947 923 seu

104 959 466 1006 semitalentum
508 966 555 1005 et
586 957 901 1021 jugatoribus
948 959 1082 1005 1000
1111 959 1389 1017 drachmas,
1433 977 1517 1006 seu
1559 966 1835 1006 sextantem
1874 965 1942 1005 ta-

105 1042 250 1100 lenti,
284 1041 332 1089 id
360 1050 457 1097 est,
499 1041 668 1089 decem
697 1041 853 1089 minas
883 1043 1193 1089 constituisse
1220 1059 1309 1106 pro
1337 1042 1550 1089 minimis
1579 1042 1746 1089 tributi
1773 1040 1942 1089 funda-

103 1125 305 1186 mentis,
346 1125 414 1173 ita
439 1133 492 1173 ut
519 1126 1087 1190 pentacosiomedimnus
1117 1127 1175 1174 de
1203 1145 1300 1174 uno
1329 1126 1514 1175 talento
1545 1134 1592 1174 et-
1618 1126 1766 1185 ultra,
1797 1142 1943 1189 eques

102 1208 160 1256 de
190 1209 496 1257 semitalento
525 1216 572 1256 et
599 1209 752 1267 ultra,
792 1218 837 1256 et
858 1210 1063 1273 jugatur
1091 1210 1150 1257 de
1177 1218 1401 1258 sextante
1430 1210 1601 1257 talenti
1629 1218 1675 1256 et
1702 1208 1827 1255 ultra
1861 1208 1942 1255 de-

100 1291 258 1340 buerit
284 1291 518 1340 tributum
547 1292 787 1340 conferre.

241 1374 377 1423 Haec
403 1375 567 1423 onmia
595 1393 668 1422 mc
698 1374 1023 1433 adduxerunt,
1053 1383 1104 1422 ut
1126 1376 1175 1422 in
1204 1384 1338 1424 trxtu
1368 1375 1580 1423 Pollucis
1609 1381 1722 1422 ante
1751 1371 1938 1419 ταλαν-

98 1475 216 1512 τον,
271 1449 642 1518 ἡμιτάλαντον,
692 1454 826 1517 μνᾶς
870 1458 1284 1522 praepositionem
1332 1453 1465 1503 κατὰ
1506 1474 1764 1522 ponerem,
1819 1475 1939 1521 quae

99 1559 291 1589 omnem
333 1541 461 1589 tollit
501 1540 855 1588 difficultatem.
909 1540 1336 1605 praepositionem
1363 1541 1489 1588 hanc
1515 1541 1564 1587 in
1593 1540 1761 1588 eadem
1789 1540 1940 1604 signi-

100 1624 325 1672 ficatione
362 1623 562 1671 adhibet
603 1624 747 1670 etiam
776 1623 1137 1671 Demosthenes
1178 1623 1287 1671 adv.
1331 1622 1593 1687 Aphobum
1633 1624 1668 1683 I,
1699 1624 1828 1670 815:
1870 1623 1939 1675 εἰς

100 1702 192 1762 τὴν
218 1706 507 1767 συμμορίαν
537 1697 656 1765 ὑπέρ
685 1702 809 1766 ἐμοῦ
841 1702 1180 1761 συνωάξαντο
1221 1703 1388 1751 κατὰ
1430 1702 1516 1759 τας
1557 1708 1699 1752 πέντε
1738 1708 1826 1751 καὶ
1864 1704 1938 1751 εἶ-

95 1804 210 1835 κοσι
246 1787 378 1850 μνᾶς
416 1788 755 1840 πεντακοσίας
796 1785 1023 1849 δραχμάς
1064 1789 1323 1849 ἑιόφέρειν.
1378 1791 1464 1850 (In
1506 1790 1817 1853 symmoriam
1846 1808 1934 1854 pro

95 1891 172 1921 me
200 1871 270 1921 de
298 1873 482 1921 vicenis
511 1872 668 1936 quinis
696 1873 865 1931 minis,
910 1871 956 1918 id
986 1881 1059 1920 est
1100 1872 1129 1920 d
1147 1891 1169 1920 e
1206 1874 1342 1920 2500
1371 1873 1640 1933 drachmiS,
1683 1872 1936 1921 drachmas

101 1956 393 2021 quingentas
420 1962 715 2004 censuerunt
739 1954 1065 2014 inferendas.)

238 2039 310 2088 Cf.
351 2055 511 2087 meam
551 2038 942 2086 dissertationem
982 2039 1032 2085 in
1073 2037 1208 2086 Actis
1247 2038 1612 2103 philologorum
1653 2038 1933 2087 academiae

96 2123 411 2186 Hungaricae
448 2121 537 2170 sub
577 2138 780 2169 numero
811 2121 915 2181 1·o,
956 2138 1078 2185 quae
1118 2121 1400 2169 inscribitur
1440 2122 1637 2170 Solon
1676 2120 1932 2170 11110ῖὸ1·-

95 2226 124 2254 ν
142 2205 411 2271 enyero'l
439 2205 649 2265 (Pestini
681 2205 880 2265 1867.);
909 2212 955 2251 et
982 2205 1187 2253 alteram
1216 2222 1391 2268 graece
1422 2205 1681 2270 script-am:
1727 2201 1796 2250 Τὸ
1823 2207 1930 2250 Σό-

93 2286 305 2337 λώνειον
330 2290 518 2350 τίμημα
543 2288 592 2335 111
618 2287 1055 2352 Ephemeridibus,
1085 2289 1262 2352 quibus
1290 2306 1468 2336 nomen
1497 2296 1567 2336 est
1594 2285 1756 2334 Κλειώ
1785 2289 1929 2348 (Τ61·-

93 2374 216 2438 gesti
250 2374 400 2434 1868,
431 2374 521 2422 No.
551 2373 694 2431 351).
872 2439 929 2492 A

932 2441 970 2493 (1
1000 2442 1150 2494 905.

236 2551 366 2599 Η1110
394 2550 508 2598 satis
536 2550 744 2612 intelligi
774 2558 936 2615 potest
964 2551 1135 2599 falsam
1166 2569 1269 2599 esse
1299 2552 1459 2614 legem
1487 2569 1514 2598 a
1543 2551 1700 2599 Petito
1729 2552 1925 2600 allatam

88 2631 159 2697 μή
202 2631 295 2680 δύο
328 2635 507 2693 τέχνας
539 2635 758 2693 μετιέναι
802 2635 962 2694 (Duas
1001 2642 1128 2682 artes
1167 2652 1227 2681 ne
1257 2637 1507 2693 exercete)
1550 2652 1696 2697 quam
1735 2652 1757 2682 e
1786 2635 1924 2684 scho-

89 2720 231 2767 liasta
268 2717 330 2765 ad
369 2717 716 2765 Demosthenis
756 2717 1115 2765 Timocrateam
1155 2718 1302 2778 (739,
1339 2720 1396 2776 6)
1438 2717 1621 2777 hausit,
1664 2718 1746 2782 qui
1786 2719 1925 2768 dicit:

93 2798 186 2849 δύο
213 2803 391 2860 τέχνας
412 2801 630 2861 μετιέναι
662 2796 814 2846 πάλιν
851 2797 1064 2855 κωλύει,
1111 2797 1191 2846 δια
1234 2796 1291 2846 τὸ
1325 2797 1581 2861 μηδεμίαν
1620 2801 1925 2863 κατορθοῦν

92 2889 147 2932 ἐν
172 2883 241 2947 τῷ
269 2879 358 2939 τήν
384 2879 587 2948 γνώμην
606 2883 918 2944 μερίζεσθαι.
1199 2872 1202 2873 ⁷

233 2967 337 3017 Nisi
366 2967 493 3014 forte
520 2966 783 3015 scholiasta
809 2983 925 3031 prae
954 2966 1105 3014 oculis
1122 2966 1347 3014 habuerit
1370 2968 1482 3015 Pla
1496 2975 1556 3015 to
1573 2969 1670 3016 nis
1698 2969 1739 3017 L
1757 2988 1867 3033 ege
1885 2987 1920 3030 s,

92 3051 175 3098 ubi
201 3048 550 3115 praescribitur
580 3049 724 3109 (846,
755 3049 793 3096 Ε
824 3077 883 3081 -—
917 3049 1033 3108 847,
1064 3048 1156 3108 A):
1186 3050 1343 3097 Nemo
1373 3050 1510 3098 faber
1536 3052 1751 3100 aerarius
1779 3054 1920 3100 simul

92 3134 325 3196 lignarius
354 3141 472 3192 esto,
502 3149 592 3179 nee
621 3150 783 3179 rursus
811 3132 1047 3193 lignarius
1077 3133 1372 3180 aerariorum
1402 3134 1607 3182 aliorum
1636 3152 1792 3183 curam
1822 3154 1919 3183 ma-

85 3215 271 3279 jorem,
313 3232 458 3279 quam
486 3231 599 3261 suae
629 3215 745 3262 artis
773 3216 943 3275 gerito.
999 3212 1098 3261 Sed
1136 3232 1261 3262 unus
1289 3233 1437 3264 unam
1463 3218 1666 3282 quisque
1695 3227 1845 3266 artem
1872 3219 1920 3266 in

103 3297 299 3345 civitat-e
325 3306 497 3347 tenens
526 3315 582 3345 ea
608 3297 748 3345 simul
776 3306 822 3346 et
848 3299 1030 3345 victum
1057 3298 1147 3345 sibi
1174 3305 1360 3362 parato.
