2114 3642
136 239 237 290 484
691 246 1100 283 COMMENTARIUS
1125 245 1194 277 AD
1223 245 1304 279 534.
1333 244 1416 279 545.

136 402 341 449 quorum
366 383 564 432 nomina
601 381 650 427 in
688 375 880 426 tabulas
920 373 1284 435 referebantur,
1324 375 1441 422 olim
1468 373 1516 421 in
1545 372 1669 421 albis
1697 372 1875 422 tabulis
1902 373 1974 421 in-

136 468 501 523 scribebantur,
543 464 611 510 sic
650 469 702 507 ut
740 457 1136 506 adscriberentur
1175 469 1223 505 et
1255 458 1469 517 archon,
1511 456 1599 504 sub
1628 473 1724 519 quo
1752 456 1977 521 inscripti

135 551 368 610 fuissent,
411 558 456 596 et
486 548 771 610 Eponynius
800 541 971 589 tribus
1025 541 1169 589 Nunc
1202 559 1320 589 vero
1348 541 1398 588 in
1425 546 1601 588 senatu
1628 539 1976 587 inscribuntur.

137 633 355 682 Utuntur
383 642 544 678 autem
574 626 849 691 Eponymis
890 624 1036 673 etiam
1075 623 1136 671 ad
1164 624 1412 681 militiam,
1456 631 1503 670 et
1530 639 1642 670 cum
1661 623 1979 686 juventutem

136 716 197 764 ad
225 715 404 763 bellum
432 711 707 771 dimittunt,
751 708 950 758 edicunt
996 726 1022 754 a
1061 725 1270 771 quonam
1312 706 1425 754 inde
1467 707 1701 754 archonte
1730 723 1977 771 eponymo

135 798 195 846 ad
223 814 365 862 quem
399 812 548 860 usque
577 793 887 841 militandum
915 792 989 840 sit.

916 931 1015 984 Ad
1043 932 1195 983 534.

274 1044 471 1093 Bekker
511 1043 695 1094 Anecd.
736 1060 808 1106 gr.
847 1043 882 1090 I.
925 1061 969 1107 p.
1009 1043 1145 1089 245:
1191 1036 1484 1101 Ἐπώνυμοι
1528 1033 1770 1100 ἄρχοντες
1811 1034 1974 1083 δισσοί

136 1127 290 1183 εἰσιν,
346 1127 389 1173 οἱ
430 1127 529 1188 μὲν
578 1121 1059 1187 τεσσαρακονταδύο
1099 1121 1201 1170 τῶν
1245 1117 1487 1180 ἡλικιῶν,
1542 1122 1587 1167 οἱ
1632 1119 1680 1167 δὲ
1723 1118 1843 1167 δέκα
1883 1116 1975 1166 τὸν

134 1207 389 1273 ἀριθμὸν,
430 1207 519 1270 ἀφ’
549 1201 621 1256 ὧν
648 1209 696 1255 αἱ
725 1210 883 1267 φυλαὶ
922 1203 1417 1272 προσηγορεύθησαν.
1473 1205 1740 1271 (Eponymi
1769 1204 1978 1252 archon-

132 1302 204 1342 tes
232 1294 440 1360 duplicis
468 1302 583 1343 sunt
609 1293 831 1357 generis,
872 1292 953 1339 alii
983 1291 1310 1354 quadraginta
1337 1290 1434 1338 duo
1463 1307 1553 1354 pro
1582 1287 1855 1347 aetatibus;
1897 1286 1978 1334 alii

135 1377 330 1437 decem,
360 1395 389 1425 a
417 1377 594 1441 quibus
621 1392 805 1424 nomen
834 1375 989 1422 tribus
1018 1375 1360 1440 acceperunt.)

274 1461 430 1525 Igitur
457 1460 548 1508 sub
583 1457 911 1523 quadraginta
945 1456 1134 1504 duobus
1175 1456 1517 1518 intelliguntur
1557 1453 1820 1502 archontes
1861 1470 1976 1518 epo-

132 1544 266 1609 nymi
294 1559 562 1600 annorum,
606 1540 903 1605 quibus—qui
943 1556 1078 1586 arma
1116 1539 1243 1587 ferre
1277 1538 1477 1588 Athenis
1507 1537 1745 1583 deberent
1772 1536 1873 1583 nati
1902 1553 1975 1583 es-

132 1635 255 1675 sent.
309 1627 369 1687 (S
387 1642 622 1691 auppe:
669 1625 743 1672 De
786 1624 941 1671 demis
981 1624 1183 1670 urbanis
1226 1622 1545 1671 Athenarum.
1588 1619 1782 1683 Lipsiae
1828 1619 1978 1668 1846.

133 1729 178 1777 p.
208 1711 317 1769 21.)

917 1774 1015 1826 Ad
1045 1775 1196 1826 545.

274 1888 454 1938 Seriori
482 1895 641 1937 aetate
670 1887 836 1951 utique
866 1886 958 1934 hoc
985 1886 1170 1934 factum
1199 1885 1372 1943 fuisse,
1413 1884 1462 1931 in
1490 1890 1661 1949 aperto
1690 1890 1776 1931 est.

277 1972 422 2038 Apud
450 1971 898 2022 Lacedaemonios,
940 1971 977 2016 si
1006 1970 1112 2039 quis
1140 1977 1236 2016 tres
1265 1969 1391 2016 filios
1419 1967 1721 2033 procreavit,
1767 1966 1976 2013 vacatio-

132 2071 246 2104 nem
274 2056 445 2104 habuit
471 2055 702 2115 militiae3
742 2055 779 2102 si
808 2061 1065 2118 quattuor,
1109 2052 1169 2100 ab
1201 2051 1425 2099 omnibus
1454 2051 1662 2116 publicis
1690 2049 1976 2097 muneribus

132 2139 362 2188 immunis
390 2140 562 2187 fuerat.
605 2137 975 2198 (Aristotel.
1006 2135 1147 2183 Polit.
1176 2136 1238 2190 Il,
1270 2135 1314 2190 6,
1348 2135 1453 2192 13.)

277 2222 373 2271 Sed
400 2221 667 2271 secundum
690 2221 945 2269 Aelianum
975 2219 1047 2279 (V
1064 2237 1142 2267 ar.
1170 2218 1315 2266 hist.
1344 2217 1567 2277 VI,6.1)
1595 2215 1671 2265 lex
1700 2224 1801 2265 erat
1828 2215 1974 2281 Spar-

132 2306 285 2367 tanis,
326 2313 380 2354 ut
407 2306 489 2370 qui
516 2313 614 2353 tres
642 2305 767 2352 filios
795 2303 1071 2363 exhiberet,
1114 2303 1153 2350 is
1180 2303 1242 2349 ab
1271 2300 1490 2349 excubiis
1519 2299 1723 2348 haberet
1749 2299 1973 2347 immuni-

133 2398 313 2453 tatem3
352 2390 433 2454 qui
473 2406 590 2438 vero
631 2389 873 2452 quinque,
918 2387 980 2434 ab
1022 2387 1248 2434 omnibus
1291 2384 1498 2449 publicis
1536 2383 1822 2431 muneribus
1855 2383 1975 2430 libe-

134 2482 337 2522 raretur.

275 2556 445 2604 Tertia
481 2556 644 2605 rhetra
683 2556 944 2621 Lycurgus
984 2554 1139 2601 vetuit
1178 2552 1374 2617 saepius
1415 2552 1599 2599 bellum
1627 2551 1798 2599 iisdem
1827 2549 1974 2597 hosti-

135 2637 225 2687 bus
251 2640 455 2699 inferre,
486 2657 547 2688 ne
576 2640 758 2688 scilicet
785 2640 814 2686 ii
845 2638 1051 2686 subinde
1079 2654 1129 2684 se
1159 2636 1420 2684 defendere
1448 2635 1716 2692 discentes,
1754 2633 1974 2682 bellicosi

136 2724 320 2771 fierent.
362 2723 719 2783 (Plutarch.
750 2722 1022 2786 Lycurg.
1058 2721 1160 2778 13.)

277 2806 650 2854 Lacedaemonii
691 2806 835 2854 etiam
878 2806 1003 2853 hanc
1043 2806 1203 2867 legem
1245 2804 1486 2858 tulerunt,
1530 2809 1581 2849 ut
1621 2803 1659 2849 si
1701 2800 1897 2865 quando
1924 2800 1972 2847 in

137 2888 282 2935 armis
321 2888 493 2937 bellum
536 2889 714 2936 facturi
754 2895 942 2945 essent,
985 2887 1045 2934 ad
1083 2886 1348 2933 tentorium
1379 2885 1509 2947 regis
1537 2902 1707 2933 omnes
1736 2901 1969 2932 vocaren-

142 2982 245 3029 tur,
285 2971 347 3016 ad
384 2971 629 3019 audienda
655 2971 859 3035 Tyrtaei
897 2977 1151 3035 poemata,
1195 2969 1528 3017 existimantes
1561 2985 1642 3015 eos
1670 2968 1735 3014 ita
1763 2968 1972 3015 maxime

140 3052 369 3109 accendi,
411 3061 463 3099 ut
502 3072 589 3118 pro
630 3054 790 3119 patria
829 3054 1028 3101 minime
1056 3060 1380 3115 gravarentur
1408 3051 1543 3098 mori.
1596 3050 1892 3113 (Lycurg.
1933 3068 1972 3098 c.

139 3132 498 3197 Leocrat.§.
531 3136 670 3195 107.)
1997 3132 2001 3136 ’

277 3216 430 3266 Iidem
461 3235 730 3282 purpureas
758 3217 1031 3267 induebant
1060 3216 1272 3273 tunicas,
1314 3234 1409 3281 quo
1449 3222 1533 3263 aut
1571 3215 1769 3263 horrido
1808 3215 1971 3263 colore

139 3299 451 3350 formidinem
492 3299 709 3348 hostibus
748 3303 1051 3361 incuterent,
1092 3309 1177 3349 aut
1210 3317 1326 3364 prae
1361 3299 1535 3346 coloris
1563 3298 1876 3346 similitudine
1905 3300 1971 3346 ef-

140 3385 302 3432 fusum
320 3382 612 3444 sanguinem
632 3399 727 3430 non
746 3385 1207 3431 animadverterent.
1239 3382 1305 3440 (P
1321 3382 1351 3429 h
1367 3383 1380 3428 i
1396 3382 1411 3428 l
1427 3402 1454 3428 o
1471 3381 1666 3428 strati
1695 3398 1718 3427 e
1736 3399 1767 3445 p
1784 3382 1796 3427 i
1813 3400 1833 3427 s
1850 3388 1880 3427 t..
1898 3381 1971 3439 3.)
