2114 3642
591 251 1000 285 COMMENTARIUS
1026 251 1096 284 AD
1126 250 1229 286 1094.
1260 252 1362 287 1098.
1793 239 1892 288 557

53 379 154 428 lum
193 379 469 446 deceperit,
520 379 789 428 adducatur
826 378 877 425 in
907 378 1173 443 judicium,
1227 388 1274 429 et
1315 382 1568 429 convictus
1606 388 1761 430 morte
1803 401 1890 447 pu-

50 461 254 522 niatur.)

192 546 425 596 Dinarch.
455 564 493 596 c.
521 547 805 596 Philoclem.
835 543 877 611 ξ,
907 548 963 595 4;
1005 541 1031 593 ὁ
1061 544 1239 601 κοινὸς
1265 545 1349 605 τῆς
1377 544 1564 601 πόλεως
1592 544 1773 608 νόμος,
1803 544 1891 594 ἐάν

50 646 121 682 τις
148 630 391 676 ἐναντίον
428 628 531 676 τῶν
572 627 794 675 πολιτῶν
834 622 1155 695 ὁμολογήσας
1193 649 1237 675 τι
1281 629 1515 692 παραβῇ,
1554 628 1744 677 τοῦτον
1771 629 1889 676 Z'vo—

43 729 148 770 χον
187 709 316 759 εἶναι
357 708 548 759 κελεύει
589 710 659 774 τῷ
700 707 984 762 ἀδικεῖν.
1026 713 1341 773 (Communis
1380 715 1514 763 urbis
1554 715 1658 775 lex,
1703 714 1742 761 si
1783 715 1889 779 quis

48 795 230 860 aliquid
270 814 440 846 eorum
479 813 601 860 quae
643 814 807 845 coram
859 798 1044 863 populo
1098 797 1423 863 spoponderit
1472 797 1888 861 transgrediatur,

49 878 176 927 hunc
204 879 395 928 crimini
424 880 695 929 obnoxium
724 897 830 929 esse
851 882 1037 946 jubet.)

190 963 410 1011 Verbum
444 958 647 1009 ἀδικεῖν
672 964 855 1024 innuit,
897 971 1068 1012 contra
1093 962 1187 1010 hoc
1215 980 1407 1027 quoque
1437 964 1620 1010 crimen
1649 964 1888 1011 actionem

49 1040 258 1092 ἀδικίου
284 1047 555 1095 institutam
584 1046 747 1096 fuisse.
789 1045 926 1107 (Vid.
955 1045 1016 1095 ad
1048 1046 1226 1105 1026.)

809 1187 908 1239 Ad
933 1187 1121 1239 1094.

186 1297 443 1346 Demosth.
485 1298 594 1345 adv.
635 1298 831 1364 Leptin.
874 1298 1014 1345 508:
1068 1297 1245 1355 Miror,
1288 1295 1325 1344 si
1367 1313 1476 1355 eos,
1518 1295 1599 1360 qui
1639 1304 1884 1344 monetam

46 1380 351 1442 adulterant,
394 1380 565 1428 ultimo
594 1381 838 1446 supplicio
866 1380 1079 1446 punitis,
1120 1378 1215 1427 illis
1244 1395 1386 1441 vero,
1428 1379 1509 1444 qui
1535 1386 1689 1427 totam
1717 1379 1885 1427 civita-

45 1471 143 1512 tem
169 1463 500 1512 adulterinam
542 1471 588 1513 et
626 1463 831 1511 infidam
868 1462 1104 1522 reddunt,
1146 1461 1340 1511 dicendi
1368 1469 1665 1528 potestatem
1694 1461 1888 1510 dabitis.

186 1560 568 1610 Lacedaemonii
603 1560 764 1608 numis
804 1559 1071 1608 utebantur
1110 1577 1133 1607 e
1163 1559 1321 1620 corio;
1362 1557 1535 1622 quodsi
1564 1575 1735 1605 aurum
1761 1556 1887 1605 domi

43 1641 249 1708 alicujus
275 1644 355 1692 vel
382 1651 638 1708 argentum
673 1641 1035 1708 deprehensum
1073 1641 1268 1701 fuisset,
1309 1649 1517 1690 mortem
1545 1658 1757 1706 poenam
1783 1640 1883 1688 lue-

44 1725 140 1775 bat.
181 1726 465 1787 (Nicolai
504 1726 898 1775 Damasceni
939 1726 1112 1789 fragm.
1144 1725 1288 1784 114.)

184 1808 283 1859 Sed
318 1817 440 1858 teste
469 1809 734 1858 Plutarcho
775 1809 844 1870 (A
860 1828 891 1874 p
909 1827 936 1857 o
954 1828 985 1875 p
1004 1810 1035 1857 h
1049 1817 1067 1857 t
1083 1809 1114 1856 h
1131 1827 1154 1858 c
1172 1827 1205 1873 g
1222 1827 1280 1857 m.
1323 1809 1363 1857 L
1379 1826 1406 1857 a
1422 1826 1447 1857 c
1462 1825 1489 1855 o
1505 1827 1550 1857 n.
1593 1808 1804 1872 Lycurg.
1835 1808 1879 1857 3.

43 1911 89 1958 p.
118 1894 248 1952 226)
282 1894 538 1958 Lycurgus
579 1910 727 1942 aureo
769 1900 818 1941 ct
856 1900 1091 1956 argenteo
1135 1893 1428 1941 numismate
1470 1893 1736 1956 abrogato,
1779 1891 1883 1939 solo

43 1976 110 2024 uti
129 1976 277 2041 jussit
311 1977 335 2025 f
345 1995 369 2025 e
384 1995 406 2024 r
421 1994 483 2025 re
502 1995 555 2035 o,
597 1994 655 2025 ac
683 1975 905 2024 definivit
933 1982 1171 2039 quantum
1199 1976 1303 2040 ejus
1338 1992 1548 2040 aequare
1574 1976 1881 2039 uniuscujus-

43 2077 136 2124 que
164 2060 424 2110 facultates
458 2060 672 2109 deberet.
724 2059 833 2108 Hoc
873 2059 1004 2108 facto
1046 2059 1203 2107 omnis
1242 2059 1482 2124 injustitia
1509 2059 1884 2107 Lacedaemone

42 2145 368 2193 exterminata
396 2151 494 2206 est3
534 2161 649 2192 nam
687 2160 845 2208 neque
887 2143 1065 2204 furari,
1107 2159 1265 2207 neque
1299 2143 1586 2192 muneribus
1614 2141 1884 2207 corrumpi,

41 2244 201 2292 neque
230 2227 520 2277 defraudare
548 2229 698 2276 alium
739 2234 822 2275 aut
848 2244 1020 2292 rapere
1050 2227 1303 2291 quisquam
1330 2232 1548 2291 poterat,
1590 2243 1701 2274 cum
1726 2243 1884 2289 neque

42 2310 292 2376 possidere
319 2310 369 2359 id
395 2329 629 2374 magnum
659 2311 945 2371 haberetur,
987 2328 1146 2375 neque
1180 2311 1230 2358 in
1259 2310 1563 2358 commerciis
1591 2309 1723 2375 apud
1752 2316 1882 2358 exte-

40 2413 122 2443 ros
148 2396 311 2444 locum
336 2394 555 2444 haberet.
608 2396 787 2444 Fertur
828 2396 957 2444 enim
984 2395 1268 2460 LycurgUS,
1309 2400 1362 2441 ut
1389 2393 1508 2441 dicit
1531 2393 1664 2441 idem
1690 2393 1882 2441 Plutar-

41 2478 159 2527 chus
188 2479 426 2545 (Lycurg.
456 2480 532 2541 9),
574 2480 757 2528 ferrum
796 2479 1011 2529 candens
1051 2487 1191 2528 aceto
1230 2478 1541 2537 restinxisse,
1581 2477 1743 2541 itaque
1780 2477 1883 2541 ejus

42 2563 203 2625 rigore
230 2563 454 2628 perdito,
494 2570 547 2612 ut
571 2563 842 2613 invalidum
869 2565 974 2630 jam
1003 2570 1050 2613 et
1078 2562 1390 2612 intractabile
1419 2568 1569 2620 esset,
1610 2577 1751 2609 usum
1780 2560 1882 2625 ejus

40 2645 101 2694 ad
130 2645 250 2696 alias
276 2662 355 2694 res
382 2645 650 2695 sustulisse.

180 2728 368 2777 Verum
395 2728 615 2777 Platonis
643 2736 803 2778 aetate
837 2729 942 2793 jam
968 2746 1148 2792 magna
1178 2728 1347 2777 aderat
1375 2726 1747 2776 Lacedaemone
1777 2727 1879 2776 auri

38 2812 327 2876 argentique
357 2812 525 2876 copia,
563 2811 629 2860 ita
656 2819 708 2859 ut
725 2811 1107 2860 Lacedaemonii
1138 2810 1443 2859 Graecorum
1472 2810 1689 2858 omnium
1719 2819 1882 2859 essent

40 2895 278 2944 ditissimi.
321 2895 555 2955 (Plato.
589 2894 622 2941 A
642 2896 908 2944 lcibiad.
937 2897 972 2945 I.
1002 2915 1048 2961 p.
1086 2895 1197 2956 123,
1228 2894 1311 2954 A.)

796 3033 895 3087 Ad
936 3036 1124 3088 1098.

178 3145 504 3194 Demosth.
545 3161 583 3192 o,
625 3142 968 3192 Theocrin.
1016 3144 1183 3191 1325:
1237 3144 1399 3203 Quum
1437 3143 1586 3192 vellet
1622 3144 1875 3207 legislator

37 3244 129 3274 nec
157 3227 499 3293 delinquentes
526 3236 824 3276 mercatores
852 3228 1109 3275 indemnes
1147 3244 1276 3287 esse,
1319 3244 1410 3275 nec
1436 3228 1655 3276 insontes
1683 3228 1875 3283 vexari,

37 3312 87 3357 in
113 3311 394 3360 universum
430 3312 581 3361 vetuit
622 3312 713 3359 hoc
752 3312 1005 3360 hominum
1044 3328 1198 3372 genus
1240 3310 1446 3371 deferri,
1487 3312 1581 3360 nisi
1621 3312 1728 3374 quis
1767 3311 1873 3374 ipse

37 3394 129 3441 sibi
156 3394 370 3444 confidat
397 3413 447 3445 se
474 3403 780 3445 ostensurum
826 3395 957 3443 facta
999 3411 1130 3455 esse,
1174 3411 1298 3457 quae
1328 3395 1493 3442 defert.
1547 3394 1630 3442 Sin
1661 3394 1765 3456 quis
1794 3410 1873 3440 ca-
