2114 3642
150 208 252 256 642
679 219 1087 256 COMMENTARIUS
1113 218 1182 250 Ao
1212 214 1316 251 1565.
1346 216 1450 252 1568.

144 351 225 398 vel
251 350 489 412 nobilem,
520 352 598 400 vel
623 354 888 413 potentem.
928 346 1170 395 Nimirum
1196 347 1341 411 pauci
1367 362 1426 395 ex
1454 346 1710 411 egentibus
1736 363 1794 395 ac
1819 347 1985 412 plebe-

138 433 202 499 jis
230 435 565 500 exagitantur,
602 449 659 479 ac
687 447 747 479 ne
773 430 843 478 illi
869 430 1068 495 quidem
1096 429 1245 478 aliam
1271 430 1334 478 ob
1362 446 1583 488 causam,
1613 447 1759 494 quam
1785 438 1991 496 propter

145 517 349 566 nimiam
386 516 693 566 sedulitatem
732 514 781 562 in
809 514 956 562 rebus
983 512 1046 561 ad
1074 530 1125 561 se
1153 530 1253 561 non
1280 513 1639 577 pertinentibus
1667 521 1715 562 et
1741 513 1874 578 quod
1901 532 1988 580 po-

143 600 260 666 pulo
287 616 391 649 esse
418 599 631 664 potiores
659 603 913 661 quaerant.
967 596 1078 656 Quo
1105 597 1160 643 fit
1186 602 1239 644 ut
1264 596 1488 645 homines
1513 596 1796 662 hujusmodi
1823 597 1988 661 exagi-

143 684 235 732 tari
260 683 462 731 moleste
489 697 588 728 non
616 680 793 729 ferant.

286 777 557 825 Isocrat.
599 775 671 824 cle
698 792 857 841 pace
898 771 1064 840 §.142
1104 774 1220 823 Non
1243 774 1421 838 ignoro
1447 793 1548 825 non
1576 792 1680 824 esse
1707 775 1991 825 libertatem

141 858 359 919 dicendi,
399 859 493 907 nisi
519 859 570 907 in
596 858 789 907 theatro
816 857 1181 906 comoediarum
1220 859 1408 922 poetis,
1445 859 1593 924 idque
1621 858 1991 908 acerbissimum

141 949 240 1001 est,
279 941 331 988 in
369 949 510 989 tanta
551 941 677 1004 apud
718 960 806 990 vos
841 958 925 990 eos
954 957 1057 989 esse
1085 941 1273 1002 gratia,
1314 942 1396 1006 qui
1424 941 1602 990 delicta
1628 942 1763 991 urbis
1789 949 1988 991 nostrae

140 1024 272 1072 foras
310 1024 372 1073 acl
411 1024 532 1073 alios
573 1023 793 1075 Graecos
835 1024 1069 1083 efferunt,
1111 1030 1294 1088 quanta
1331 1040 1394 1073 ne
1432 1041 1514 1074 eos
1550 1025 1775 1090 quidem,
1817 1026 1899 1090 qui
1931 1025 1991 1075 de

143 1107 282 1155 vobis
309 1107 438 1157 bene
464 1115 729 1157 merentur.

284 1202 540 1251 Platonius
579 1203 712 1268 apud
752 1202 982 1251 Meineke
1022 1202 1071 1249 in
1111 1201 1278 1250 histor.
1315 1202 1415 1251 crit.
1445 1203 1745 1253 comicorum
1768 1220 1988 1267 graecor.

139 1304 183 1350 p.
214 1286 342 1333 531:
383 1279 560 1333 ἄδειαν
602 1286 648 1332 οἱ
688 1282 776 1340 τὰς
817 1282 1091 1348 κωμῳδίας
1132 1281 1513 1350 συγγράφοντες
1553 1283 1699 1347 εἶχον
1729 1284 1823 1334 τοῦ
1853 1283 1989 1333 σκώ-

138 1387 277 1416 πτειν
316 1371 406 1415 καὶ
446 1365 756 1435 στρατηγούς
795 1370 885 1415 καὶ
926 1366 1028 1414 τῶν
1067 1365 1289 1416 πολιτῶν
1327 1366 1469 1423 τινάς
1506 1364 1537 1427 ἢ
1575 1367 1924 1436 φιλαργύρους
1960 1366 1990 1427 ἢ

138 1451 392 1509 συζῶντας
433 1450 680 1520 ἀσελγείᾳ.
737 1454 1158 1513 (Comoediarnni
1197 1455 1461 1520 scriptores
1503 1462 1796 1520 potestatem
1836 1455 1985 1504 habe-

137 1537 258 1584 bant
283 1538 495 1586 dicteriis
523 1538 836 1604 mordacibus
863 1538 1094 1586 irridendi
1121 1538 1235 1586 belli
1265 1538 1413 1587 duces
1441 1546 1489 1586 et
1516 1539 1738 1604 improbe
1759 1539 1984 1604 judican-

138 1627 211 1668 tes
242 1621 436 1685 judices
477 1629 525 1669 et
564 1621 830 1670 nonnullos
869 1621 1049 1670 civium
1097 1622 1173 1669 vel
1226 1639 1401 1672 avaros
1445 1623 1520 1670 vel
1562 1623 1794 1671 lascivam
1839 1623 1986 1671 vitam

136 1706 382 1767 agentes.)

911 1785 1009 1837 Ad
1035 1786 1225 1838 1568.

280 1906 562 1955 Secundum
594 1906 813 1954 Platonis
843 1906 1003 1970 Leges
1033 1907 1177 1967 (935,
1205 1907 1302 1968 E),
1343 1914 1518 1972 poetae
1547 1908 1681 1955 nullo
1710 1907 1856 1955 modo
1885 1908 1983 1956 lici-

135 1998 238 2038 tum
266 1998 368 2039 esto
395 2007 555 2055 neque
586 1991 807 2040 oratione
848 2008 1007 2055 neque
1048 1992 1263 2056 imagine
1307 2008 1466 2056 neque
1494 1992 1566 2040 ira
1592 2008 1753 2055 neque
1781 1990 1886 2040 sine
1913 1992 1985 2039 ira

136 2073 287 2121 ullum
315 2073 374 2122 de
403 2075 594 2123 civibus
622 2075 870 2137 cavillari,
910 2076 948 2123 si
977 2075 1084 2140 quis
1111 2084 1279 2124 autem
1306 2092 1404 2124 non
1433 2074 1624 2132 obedit,
1653 2074 1879 2123 ludorum
1907 2094 1982 2124 ar-

134 2158 249 2205 bitri
277 2175 389 2206 eum
415 2158 570 2206 solum
597 2165 789 2206 vertere
819 2158 995 2206 eodem
1023 2159 1099 2207 die
1129 2167 1341 2224 cogant,
1382 2166 1467 2208 aut
1510 2157 1666 2208 tribus
1693 2158 1835 2207 minis
1864 2159 1985 2207 mul-

133 2248 266 2289 ctent
293 2241 410 2300 deo,
449 2243 586 2308 cujus
613 2250 861 2291 certamen
889 2249 986 2301 est,
1028 2243 1388 2292 consecrandis.

276 2338 434 2386 Etiam
463 2338 759 2387 Thuriornm
787 2338 1040 2402 legislator
1069 2339 1249 2397 vetuit,
1278 2356 1341 2388 ne
1369 2340 1476 2403 quis
1503 2339 1683 2386 civium
1710 2339 1761 2385 in
1789 2354 1982 2385 comoe-

136 2420 214 2468 dia
241 2420 603 2483 traduceretur,
645 2428 838 2485 praeter
874 2420 1123 2470 adulteros
1152 2428 1201 2470 et
1229 2422 1462 2472 curiosos.
1514 2422 1736 2482 (Pluta
1749 2420 1871 2469 rch.
1912 2420 1984 2468 de

136 2504 546 2553 curiositate.
588 2506 662 2565 S.)

277 2599 381 2647 Lex
422 2601 533 2650 XII.
561 2601 842 2649 tabularum
882 2601 1078 2661 >{tabula
1120 2599 1255 2652 VIII.
1284 2602 1343 2650 de
1372 2601 1616 2661 (lelictis):
1659 2600 1741 2649 Sei
1769 2601 1880 2665 quei
1908 2601 1978 2665 pi-

136 2681 286 2743 pnlod
313 2684 553 2731 ocentasit
579 2701 841 2732 carmenve
869 2685 1075 2733 condisit
1103 2685 1232 2749 quod
1260 2685 1514 2733 infamiam
1542 2685 1683 2733 facsit
1710 2685 1981 2748 flagitiomq

136 2761 327 2825 alterei,
357 2765 483 2814 fuste
512 2767 690 2815 scritod
722 2768 993 2826 (feriatur).

275 2859 348 2906 De
376 2859 469 2908 hac
496 2862 604 2926 lege
632 2863 802 2910 scribit
831 2863 1006 2910 Cicero
1047 2864 1104 2922 (d
1123 2881 1146 2911 e
1187 2864 1442 2928 republ.
1484 2864 1570 2925 IV,
1605 2865 1682 2924 10,
1715 2864 1833 2923 12):
1874 2861 1979 2911 XII.

134 2940 356 3000 tabulae,
396 2961 544 3007 quum
584 2963 859 3011 perpaucas
899 2965 974 2994 res
1009 2947 1167 3011 capite
1195 2948 1497 3008 sanxissent,
1526 2950 1574 2996 in
1603 2949 1676 2996 liis
1704 2947 1832 2996 hanc
1859 2963 1978 3010 quo-

135 3042 228 3089 que
257 3027 573 3076 sanciendam
600 3037 929 3093 leuitavernnt,
974 3030 1022 3076 si
1067 3031 1210 3094 quis
1250 3032 1750 3079 occentavisset
1790 3029 1978 3090 (idest,

134 3108 411 3155 convicium
438 3111 656 3172 fecerit),
691 3114 793 3161 sive
822 3131 1019 3162 carnion
1047 3114 1371 3173 condidisset,
1417 3115 1545 3179 qnod
1575 3115 1825 3163 infamiam
1855 3113 1981 3161 face-
2006 3138 2011 3144 ⁴

134 3198 207 3239 ret
232 3191 538 3256 flagitiumve
567 3195 720 3243 altori.

276 3286 467 3335 Horatii
495 3286 636 3335 Satn:
672 3292 726 3349 ll,
767 3293 801 3347 1,
832 3293 923 3337 80:
