<?xml version="1.0" encoding="UTF-8"?>
<!DOCTYPE html PUBLIC "-//W3C//DTD XHTML 1.0 Transitional//EN"
    "http://www.w3.org/TR/xhtml1/DTD/xhtml1-transitional.dtd">
<html xmlns="http://www.w3.org/1999/xhtml" xml:lang="en" lang="en">
 <head>
  <title>
</title>
<meta http-equiv="Content-Type" content="text/html;charset=utf-8" />
  <meta name='ocr-system' content='tesseract 3.04.00' />
  <meta name='ocr-capabilities' content='ocr_page ocr_carea ocr_par ocr_line ocrx_word'/>
</head>
<body>
  <div class='ocr_page' id='page_1' title='image "./synaggtnattiknno00tluoft_0619.png"; bbox 0 0 2114 3642; ppageno 0'>
   <div class='ocr_carea' id='block_1_1' title="bbox 472 203 1976 256">
    <p class='ocr_par' dir='ltr' id='par_1_1' title="bbox 472 203 1976 256">
     <span class='ocr_line' id='line_1_1' title="bbox 472 203 1976 256; baseline -0.003 -1"><span class='ocrx_word' id='word_1_1' title='bbox 472 223 879 255; x_wconf 72' lang='lat' dir='ltr'>COMMENTARios</span> <span class='ocrx_word' id='word_1_2' title='bbox 912 224 975 253; x_wconf 62' lang='lat' dir='ltr'>,xo</span> <span class='ocrx_word' id='word_1_3' title='bbox 1006 220 1108 253; x_wconf 83' lang='lat'>1283.</span> <span class='ocrx_word' id='word_1_4' title='bbox 1139 220 1244 256; x_wconf 85' lang='lat'>1284.</span> <span class='ocrx_word' id='word_1_5' title='bbox 1276 218 1379 254; x_wconf 83' lang='lat'>1286.</span> <span class='ocrx_word' id='word_1_6' title='bbox 1409 216 1512 251; x_wconf 86' lang='lat'>1290.</span> <span class='ocrx_word' id='word_1_7' title='bbox 1543 215 1646 251; x_wconf 80' lang='lat'>1292.</span> <span class='ocrx_word' id='word_1_8' title='bbox 1877 203 1976 251; x_wconf 88' lang='lat'>593</span> 
     </span>
    </p>
   </div>
   <div class='ocr_carea' id='block_1_2' title="bbox 901 345 1213 398">
    <p class='ocr_par' dir='ltr' id='par_1_2' title="bbox 901 345 1213 398">
     <span class='ocr_line' id='line_1_2' title="bbox 901 345 1213 398; baseline -0.003 0"><span class='ocrx_word' id='word_1_9' title='bbox 901 345 1001 398; x_wconf 80' lang='lat' dir='ltr'>Ad</span> <span class='ocrx_word' id='word_1_10' title='bbox 1025 346 1213 397; x_wconf 83' lang='lat'>1283.</span> 
     </span>
    </p>
   </div>
   <div class='ocr_carea' id='block_1_3' title="bbox 133 453 1974 604">
    <p class='ocr_par' dir='ltr' id='par_1_3' title="bbox 133 453 1974 604">
     <span class='ocr_line' id='line_1_3' title="bbox 283 453 1974 520; baseline -0.004 -15"><span class='ocrx_word' id='word_1_11' title='bbox 283 457 751 505; x_wconf 86' lang='lat' dir='ltr'>Hieromnemonem</span> <span class='ocrx_word' id='word_1_12' title='bbox 777 455 1027 520; x_wconf 89' lang='lat' dir='ltr'>publicum</span> <span class='ocrx_word' id='word_1_13' title='bbox 1053 455 1200 502; x_wconf 86' lang='lat' dir='ltr'>fuisse</span> <span class='ocrx_word' id='word_1_14' title='bbox 1234 454 1575 517; x_wconf 84' lang='lat' dir='ltr'>magistratum</span> <span class='ocrx_word' id='word_1_15' title='bbox 1601 459 1737 516; x_wconf 88' lang='lat' dir='ltr'>patet</span> <span class='ocrx_word' id='word_1_16' title='bbox 1764 469 1822 500; x_wconf 84' lang='lat' dir='ltr'>ex</span> <span class='ocrx_word' id='word_1_17' title='bbox 1844 453 1974 517; x_wconf 88' lang='lat' dir='ltr'>jure-</span> 
     </span>
     <span class='ocr_line' id='line_1_4' title="bbox 133 528 1895 604; baseline -0.003 -16"><span class='ocrx_word' id='word_1_18' title='bbox 133 539 349 604; x_wconf 89' lang='lat' dir='ltr'>jurando</span> <span class='ocrx_word' id='word_1_19' title='bbox 378 538 715 589; x_wconf 88' lang='lat' dir='ltr'>Heliastarum.</span> <span class='ocrx_word' id='word_1_20' title='bbox 758 536 884 586; x_wconf 83' lang='lat' dir='ltr'>Vide</span> <span class='ocrx_word' id='word_1_21' title='bbox 915 536 957 602; x_wconf 59' lang='grc' dir='ltr'>ξ.</span> <span class='ocrx_word' id='word_1_22' title='bbox 989 538 1103 586; x_wconf 82' lang='grc'>562.</span> <span class='ocrx_word' id='word_1_23' title='bbox 1893 528 1895 531; x_wconf 52' lang='grc'>’</span> 
     </span>
    </p>
   </div>
   <div class='ocr_carea' id='block_1_4' title="bbox 904 677 1220 729">
    <p class='ocr_par' dir='ltr' id='par_1_4' title="bbox 904 677 1220 729">
     <span class='ocr_line' id='line_1_5' title="bbox 904 677 1220 729; baseline -0.003 0"><span class='ocrx_word' id='word_1_24' title='bbox 904 677 1002 729; x_wconf 81' lang='lat' dir='ltr'>Ad</span> <span class='ocrx_word' id='word_1_25' title='bbox 1031 677 1220 729; x_wconf 85' lang='lat'>1284.</span> 
     </span>
    </p>
   </div>
   <div class='ocr_carea' id='block_1_5' title="bbox 142 784 1980 2186">
    <p class='ocr_par' dir='ltr' id='par_1_5' title="bbox 142 784 1977 1102">
     <span class='ocr_line' id='line_1_6' title="bbox 283 784 1977 850; baseline -0.004 -13"><span class='ocrx_word' id='word_1_26' title='bbox 283 787 489 837; x_wconf 77' lang='lat' dir='ltr'>Athenis</span> <span class='ocrx_word' id='word_1_27' title='bbox 517 796 644 835; x_wconf 83' lang='lat' dir='ltr'>sorte</span> <span class='ocrx_word' id='word_1_28' title='bbox 672 787 978 849; x_wconf 83' lang='lat' dir='ltr'>legebantur,</span> <span class='ocrx_word' id='word_1_29' title='bbox 1006 795 1059 835; x_wconf 91' lang='lat' dir='ltr'>ut</span> <span class='ocrx_word' id='word_1_30' title='bbox 1087 787 1266 834; x_wconf 78' lang='lat' dir='ltr'>docent</span> <span class='ocrx_word' id='word_1_31' title='bbox 1291 785 1635 850; x_wconf 81' lang='lat' dir='ltr'>Aristophanis</span> <span class='ocrx_word' id='word_1_32' title='bbox 1664 786 1832 835; x_wconf 81' lang='lat' dir='ltr'>Nubes</span> <span class='ocrx_word' id='word_1_33' title='bbox 1863 784 1977 831; x_wconf 81' lang='lat'>623.</span> 
     </span>
     <span class='ocr_line' id='line_1_7' title="bbox 144 860 1975 931; baseline -0.003 -13"><span class='ocrx_word' id='word_1_34' title='bbox 144 888 188 918; x_wconf 86' lang='lat' dir='ltr'>V.</span> <span class='ocrx_word' id='word_1_35' title='bbox 242 865 366 915; x_wconf 75' lang='grc' dir='ltr'>ἀνθ’</span> <span class='ocrx_word' id='word_1_36' title='bbox 417 860 490 915; x_wconf 67' lang='grc' dir='ltr'>ὧν</span> <span class='ocrx_word' id='word_1_37' title='bbox 528 866 751 930; x_wconf 76' lang='grc' dir='ltr'><em>λαχών</em></span> <span class='ocrx_word' id='word_1_38' title='bbox 794 863 1103 931; x_wconf 68' lang='grc' dir='ltr'>ςΥπέρβολος</span> <span class='ocrx_word' id='word_1_39' title='bbox 1153 866 1290 925; x_wconf 82' lang='grc' dir='ltr'><strong><em>τῆτες</em></strong></span> <span class='ocrx_word' id='word_1_40' title='bbox 1342 863 1975 929; x_wconf 76' lang='grc' dir='ltr'><strong><em>ἱερομνημονεύειν.</em></strong></span> 
     </span>
     <span class='ocr_line' id='line_1_8' title="bbox 142 951 1976 1017; baseline -0.002 -16"><span class='ocrx_word' id='word_1_41' title='bbox 142 953 356 1012; x_wconf 86' lang='lat' dir='ltr'>(Idcirco</span> <span class='ocrx_word' id='word_1_42' title='bbox 383 953 474 1002; x_wconf 92' lang='lat' dir='ltr'>hoc</span> <span class='ocrx_word' id='word_1_43' title='bbox 501 971 630 1002; x_wconf 89' lang='lat' dir='ltr'>anno</span> <span class='ocrx_word' id='word_1_44' title='bbox 659 971 722 1001; x_wconf 87' lang='lat' dir='ltr'>so</span> <span class='ocrx_word' id='word_1_45' title='bbox 740 962 836 1001; x_wconf 86' lang='lat' dir='ltr'>rte</span> <span class='ocrx_word' id='word_1_46' title='bbox 876 953 1020 1002; x_wconf 90' lang='lat' dir='ltr'>ducto</span> <span class='ocrx_word' id='word_1_47' title='bbox 1048 953 1109 1001; x_wconf 86' lang='lat' dir='ltr'>ad</span> <span class='ocrx_word' id='word_1_48' title='bbox 1137 951 1559 1017; x_wconf 77' lang='lat' dir='ltr'><strong>Amphictyonum</strong></span> <span class='ocrx_word' id='word_1_49' title='bbox 1585 959 1883 1001; x_wconf 90' lang='lat' dir='ltr'>conventum</span> <span class='ocrx_word' id='word_1_50' title='bbox 1911 951 1976 999; x_wconf 90' lang='lat' dir='ltr'>le-</span> 
     </span>
     <span class='ocr_line' id='line_1_9' title="bbox 143 1037 623 1102; baseline 0.002 -18"><span class='ocrx_word' id='word_1_51' title='bbox 143 1045 259 1100; x_wconf 88' lang='lat' dir='ltr'>gato</span> <span class='ocrx_word' id='word_1_52' title='bbox 286 1037 623 1102; x_wconf 85' lang='lat' dir='ltr'>Hyperbolo.)</span> 
     </span>
    </p>

    <p class='ocr_par' dir='ltr' id='par_1_6' title="bbox 904 1104 1215 1157">
     <span class='ocr_line' id='line_1_10' title="bbox 904 1104 1215 1157; baseline -0.003 0"><span class='ocrx_word' id='word_1_53' title='bbox 904 1104 1002 1157; x_wconf 81' lang='lat' dir='ltr'>Ad</span> <span class='ocrx_word' id='word_1_54' title='bbox 1027 1105 1215 1157; x_wconf 80' lang='grc'>1286.</span> 
     </span>
    </p>

    <p class='ocr_par' dir='ltr' id='par_1_7' title="bbox 143 1201 1978 1519">
     <span class='ocr_line' id='line_1_11' title="bbox 283 1201 1977 1269; baseline -0.001 -17"><span class='ocrx_word' id='word_1_55' title='bbox 283 1204 539 1252; x_wconf 88' lang='lat' dir='ltr'>Demosth.</span> <span class='ocrx_word' id='word_1_56' title='bbox 566 1222 655 1269; x_wconf 87' lang='lat' dir='ltr'>pro</span> <span class='ocrx_word' id='word_1_57' title='bbox 684 1202 905 1263; x_wconf 85' lang='lat' dir='ltr'>Corona,</span> <span class='ocrx_word' id='word_1_58' title='bbox 934 1203 1061 1250; x_wconf 78' lang='lat'><strong>272:</strong></span> <span class='ocrx_word' id='word_1_59' title='bbox 1103 1203 1266 1262; x_wconf 78' lang='lat' dir='ltr'>Quum</span> <span class='ocrx_word' id='word_1_60' title='bbox 1300 1202 1514 1267; x_wconf 90' lang='lat' dir='ltr'>populus</span> <span class='ocrx_word' id='word_1_61' title='bbox 1553 1201 1816 1266; x_wconf 89' lang='lat' dir='ltr'>aliquando</span> <span class='ocrx_word' id='word_1_62' title='bbox 1858 1202 1977 1251; x_wconf 89' lang='lat' dir='ltr'>ele-</span> 
     </span>
     <span class='ocr_line' id='line_1_12' title="bbox 143 1282 1978 1352; baseline 0 -18"><span class='ocrx_word' id='word_1_63' title='bbox 143 1287 278 1350; x_wconf 83' lang='lat' dir='ltr'>giss</span> <span class='ocrx_word' id='word_1_64' title='bbox 295 1294 355 1336; x_wconf 91' lang='lat' dir='ltr'>et</span> <span class='ocrx_word' id='word_1_65' title='bbox 393 1286 691 1335; x_wconf 80' lang='lat' dir='ltr'>Aeschinem</span> <span class='ocrx_word' id='word_1_66' title='bbox 717 1296 980 1352; x_wconf 88' lang='lat' dir='ltr'>patronum</span> <span class='ocrx_word' id='word_1_67' title='bbox 1008 1282 1312 1346; x_wconf 74' lang='grc' dir='ltr'>(σύνδικον)</span> <span class='ocrx_word' id='word_1_68' title='bbox 1344 1285 1403 1333; x_wconf 89' lang='lat' dir='ltr'>de</span> <span class='ocrx_word' id='word_1_69' title='bbox 1429 1286 1542 1334; x_wconf 84' lang='lat' dir='ltr'>Deli</span> <span class='ocrx_word' id='word_1_70' title='bbox 1568 1284 1748 1351; x_wconf 88' lang='lat' dir='ltr'>templo</span> <span class='ocrx_word' id='word_1_71' title='bbox 1775 1286 1836 1335; x_wconf 87' lang='lat' dir='ltr'>ad</span> <span class='ocrx_word' id='word_1_72' title='bbox 1863 1285 1978 1334; x_wconf 93' lang='lat' dir='ltr'>Am-</span> 
     </span>
     <span class='ocr_line' id='line_1_13' title="bbox 143 1368 1978 1435; baseline -0.001 -18"><span class='ocrx_word' id='word_1_73' title='bbox 143 1369 458 1435; x_wconf 84' lang='lat' dir='ltr'>phictyones,</span> <span class='ocrx_word' id='word_1_74' title='bbox 510 1388 600 1420; x_wconf 88' lang='lat' dir='ltr'>nos</span> <span class='ocrx_word' id='word_1_75' title='bbox 637 1371 688 1419; x_wconf 90' lang='lat' dir='ltr'>in</span> <span class='ocrx_word' id='word_1_76' title='bbox 726 1388 959 1419; x_wconf 89' lang='lat' dir='ltr'>consessu</span> <span class='ocrx_word' id='word_1_77' title='bbox 990 1369 1322 1434; x_wconf 86' lang='lat' dir='ltr'>judicavimus</span> <span class='ocrx_word' id='word_1_78' title='bbox 1361 1368 1668 1433; x_wconf 85' lang='lat' dir='ltr'>Hyperidem</span> <span class='ocrx_word' id='word_1_79' title='bbox 1707 1368 1978 1433; x_wconf 83' lang='lat' dir='ltr'>digniorem</span> 
     </span>
     <span class='ocr_line' id='line_1_14' title="bbox 144 1452 1672 1519; baseline -0.001 -18"><span class='ocrx_word' id='word_1_80' title='bbox 144 1466 276 1515; x_wconf 82' lang='lat' dir='ltr'>esse,</span> <span class='ocrx_word' id='word_1_81' title='bbox 305 1454 387 1519; x_wconf 88' lang='lat' dir='ltr'>qui</span> <span class='ocrx_word' id='word_1_82' title='bbox 411 1472 502 1519; x_wconf 90' lang='lat' dir='ltr'>pro</span> <span class='ocrx_word' id='word_1_83' title='bbox 531 1455 726 1502; x_wconf 86' lang='lat' dir='ltr'>civitate</span> <span class='ocrx_word' id='word_1_84' title='bbox 755 1454 962 1512; x_wconf 76' lang='lat' dir='ltr'>diceret,</span> <span class='ocrx_word' id='word_1_85' title='bbox 1006 1462 1052 1501; x_wconf 93' lang='lat' dir='ltr'>et</span> <span class='ocrx_word' id='word_1_86' title='bbox 1074 1452 1248 1501; x_wconf 88' lang='lat' dir='ltr'>missus</span> <span class='ocrx_word' id='word_1_87' title='bbox 1278 1460 1351 1501; x_wconf 88' lang='lat' dir='ltr'>est</span> <span class='ocrx_word' id='word_1_88' title='bbox 1378 1452 1672 1517; x_wconf 84' lang='lat' dir='ltr'>Hyperides.</span> 
     </span>
    </p>

    <p class='ocr_par' dir='ltr' id='par_1_8' title="bbox 144 1531 1979 1851">
     <span class='ocr_line' id='line_1_15' title="bbox 284 1531 1979 1602; baseline -0.003 -16"><span class='ocrx_word' id='word_1_89' title='bbox 284 1537 612 1602; x_wconf 89' lang='lat' dir='ltr'>Harpocratio</span> <span class='ocrx_word' id='word_1_90' title='bbox 637 1537 688 1585; x_wconf 90' lang='lat' dir='ltr'>in</span> <span class='ocrx_word' id='word_1_91' title='bbox 716 1533 891 1582; x_wconf 83' lang='grc' dir='ltr'><em>Πύλαι</em></span> <span class='ocrx_word' id='word_1_92' title='bbox 908 1556 922 1581; x_wconf 92' lang='grc'>.·</span> <span class='ocrx_word' id='word_1_93' title='bbox 954 1532 1276 1598; x_wconf 62' lang='grc' dir='ltr'><strong><em>Ἐπέμποιζτο</em></strong></span> <span class='ocrx_word' id='word_1_94' title='bbox 1318 1538 1377 1583; x_wconf 79' lang='grc' dir='ltr'>ἐκ</span> <span class='ocrx_word' id='word_1_95' title='bbox 1409 1533 1512 1581; x_wconf 74' lang='grc' dir='ltr'>τῶν</span> <span class='ocrx_word' id='word_1_96' title='bbox 1540 1531 1736 1581; x_wconf 77' lang='grc' dir='ltr'><em>πόλεων</em></span> <span class='ocrx_word' id='word_1_97' title='bbox 1762 1532 1864 1582; x_wconf 77' lang='grc' dir='ltr'>τῶν</span> <span class='ocrx_word' id='word_1_98' title='bbox 1885 1553 1979 1596; x_wconf 83' lang='grc' dir='ltr'>με-</span> 
     </span>
     <span class='ocr_line' id='line_1_16' title="bbox 144 1614 1977 1683; baseline -0.001 -18"><span class='ocrx_word' id='word_1_99' title='bbox 144 1616 405 1679; x_wconf 68' lang='grc' dir='ltr'><strong><em>τεχουσῶν</em></strong></span> <span class='ocrx_word' id='word_1_100' title='bbox 431 1618 514 1677; x_wconf 82' lang='grc' dir='ltr'>τῆς</span> <span class='ocrx_word' id='word_1_101' title='bbox 546 1615 960 1681; x_wconf 79' lang='grc' dir='ltr'><em>Ἀμφικτυονίας</em></span> <span class='ocrx_word' id='word_1_102' title='bbox 998 1639 1127 1674; x_wconf 75' lang='grc' dir='ltr'><strong><em>τινες</em></strong></span> <span class='ocrx_word' id='word_1_103' title='bbox 1168 1622 1306 1681; x_wconf 77' lang='grc' dir='ltr'><strong><em>οἵπερ</em></strong></span> <span class='ocrx_word' id='word_1_104' title='bbox 1347 1618 1634 1666; x_wconf 71' lang='grc' dir='ltr'><strong><em>ἐκαλοῦντο</em></strong></span> <span class='ocrx_word' id='word_1_105' title='bbox 1662 1614 1977 1683; x_wconf 76' lang='grc' dir='ltr'><em>Πυλαγόραι.</em></span> 
     </span>
     <span class='ocr_line' id='line_1_17' title="bbox 145 1702 1978 1770; baseline -0.001 -19"><span class='ocrx_word' id='word_1_106' title='bbox 145 1703 497 1763; x_wconf 83' lang='lat' dir='ltr'>(Mittebantur</span> <span class='ocrx_word' id='word_1_107' title='bbox 536 1721 559 1752; x_wconf 93' lang='lat' dir='ltr'>e</span> <span class='ocrx_word' id='word_1_108' title='bbox 601 1705 870 1765; x_wconf 78' lang='lat' dir='ltr'>civatibus,</span> <span class='ocrx_word' id='word_1_109' title='bbox 911 1722 1035 1770; x_wconf 89' lang='lat' dir='ltr'>quae</span> <span class='ocrx_word' id='word_1_110' title='bbox 1075 1705 1341 1770; x_wconf 79' lang='lat' dir='ltr'>participes</span> <span class='ocrx_word' id='word_1_111' title='bbox 1381 1712 1519 1752; x_wconf 88' lang='lat' dir='ltr'>erant</span> <span class='ocrx_word' id='word_1_112' title='bbox 1553 1702 1978 1768; x_wconf 73' lang='lat' dir='ltr'>Amphictyoniae,</span> 
     </span>
     <span class='ocr_line' id='line_1_18' title="bbox 144 1787 1130 1851; baseline 0.001 -17"><span class='ocrx_word' id='word_1_113' title='bbox 144 1787 340 1851; x_wconf 86' lang='lat' dir='ltr'>quidam</span> <span class='ocrx_word' id='word_1_114' title='bbox 367 1788 448 1851; x_wconf 89' lang='lat' dir='ltr'>qui</span> <span class='ocrx_word' id='word_1_115' title='bbox 474 1787 756 1851; x_wconf 83' lang='lat' dir='ltr'>Pylagorae</span> <span class='ocrx_word' id='word_1_116' title='bbox 783 1787 1130 1845; x_wconf 86' lang='lat' dir='ltr'>vocabantur.)</span> 
     </span>
    </p>

    <p class='ocr_par' dir='ltr' id='par_1_9' title="bbox 145 1863 1980 2186">
     <span class='ocr_line' id='line_1_19' title="bbox 286 1863 1978 1935; baseline -0.004 -17"><span class='ocrx_word' id='word_1_117' title='bbox 286 1870 405 1918; x_wconf 84' lang='lat' dir='ltr'>Lex.</span> <span class='ocrx_word' id='word_1_118' title='bbox 435 1868 636 1932; x_wconf 82' lang='lat' dir='ltr'>Seguer.</span> <span class='ocrx_word' id='word_1_119' title='bbox 665 1888 712 1935; x_wconf 90' lang='lat' dir='ltr'>p.</span> <span class='ocrx_word' id='word_1_120' title='bbox 741 1870 868 1918; x_wconf 75' lang='lat'>297:</span> <span class='ocrx_word' id='word_1_121' title='bbox 909 1865 1103 1928; x_wconf 71' lang='grc' dir='ltr'><strong><em>ἐκλήθη</em></strong></span> <span class='ocrx_word' id='word_1_122' title='bbox 1131 1866 1179 1915; x_wconf 77' lang='grc' dir='ltr'>δὲ</span> <span class='ocrx_word' id='word_1_123' title='bbox 1210 1865 1497 1935; x_wconf 69' lang='grc' dir='ltr'><em>πυλαγόρας</em></span> <span class='ocrx_word' id='word_1_124' title='bbox 1525 1863 1658 1932; x_wconf 73' lang='grc' dir='ltr'><em>παρά</em></span> <span class='ocrx_word' id='word_1_125' title='bbox 1686 1863 1743 1913; x_wconf 84' lang='grc' dir='ltr'>τὸ</span> <span class='ocrx_word' id='word_1_126' title='bbox 1773 1869 1851 1914; x_wconf 77' lang='grc' dir='ltr'>ἐπὶ</span> <span class='ocrx_word' id='word_1_127' title='bbox 1881 1885 1978 1913; x_wconf 83' lang='grc' dir='ltr'>πυ-</span> 
     </span>
     <span class='ocr_line' id='line_1_20' title="bbox 145 1947 1980 2017; baseline 0.001 -18"><span class='ocrx_word' id='word_1_128' title='bbox 145 1952 264 2015; x_wconf 68' lang='grc' dir='ltr'><em>λαίᾳ,</em></span> <span class='ocrx_word' id='word_1_129' title='bbox 305 1948 586 2017; x_wconf 77' lang='grc' dir='ltr'><em>ἀγορεύειν,</em></span> <span class='ocrx_word' id='word_1_130' title='bbox 646 1953 858 1998; x_wconf 84' lang='grc' dir='ltr'><em>Πυλαία</em></span> <span class='ocrx_word' id='word_1_131' title='bbox 902 1950 944 1998; x_wconf 77' lang='grc' dir='ltr'>δ’</span> <span class='ocrx_word' id='word_1_132' title='bbox 973 1955 1073 1999; x_wconf 77' lang='grc' dir='ltr'><strong><em>ἐστὶ</em></strong></span> <span class='ocrx_word' id='word_1_133' title='bbox 1114 1949 1170 1999; x_wconf 78' lang='grc' dir='ltr'>τὸ</span> <span class='ocrx_word' id='word_1_134' title='bbox 1206 1947 1665 2013; x_wconf 72' lang='grc' dir='ltr'><strong><em>Ἀμφικτυονικόν</em></strong></span> <span class='ocrx_word' id='word_1_135' title='bbox 1702 1947 1980 2013; x_wconf 80' lang='grc' dir='ltr'><strong><em>συνέδριον.</em></strong></span> 
     </span>
     <span class='ocr_line' id='line_1_21' title="bbox 145 2035 1976 2104; baseline -0.001 -19"><span class='ocrx_word' id='word_1_136' title='bbox 145 2036 457 2097; x_wconf 85' lang='lat' dir='ltr'>(Vocabatur</span> <span class='ocrx_word' id='word_1_137' title='bbox 484 2044 649 2085; x_wconf 90' lang='lat' dir='ltr'>autem</span> <span class='ocrx_word' id='word_1_138' title='bbox 671 2036 943 2104; x_wconf 82' lang='lat' dir='ltr'>Pylagoras</span> <span class='ocrx_word' id='word_1_139' title='bbox 971 2037 1032 2084; x_wconf 88' lang='lat' dir='ltr'>ab</span> <span class='ocrx_word' id='word_1_140' title='bbox 1063 2054 1133 2097; x_wconf 77' lang='lat' dir='ltr'>eo,</span> <span class='ocrx_word' id='word_1_141' title='bbox 1162 2037 1293 2101; x_wconf 88' lang='lat' dir='ltr'>quod</span> <span class='ocrx_word' id='word_1_142' title='bbox 1320 2037 1381 2084; x_wconf 89' lang='lat' dir='ltr'>ad</span> <span class='ocrx_word' id='word_1_143' title='bbox 1408 2037 1644 2103; x_wconf 87' lang='lat' dir='ltr'>Pylaeam</span> <span class='ocrx_word' id='word_1_144' title='bbox 1669 2035 1823 2084; x_wconf 89' lang='lat' dir='ltr'>verba</span> <span class='ocrx_word' id='word_1_145' title='bbox 1850 2035 1976 2084; x_wconf 87' lang='lat' dir='ltr'>fece-</span> 
     </span>
     <span class='ocr_line' id='line_1_22' title="bbox 146 2119 1509 2186; baseline -0.001 -18"><span class='ocrx_word' id='word_1_146' title='bbox 146 2120 221 2168; x_wconf 87' lang='lat' dir='ltr'>rit.</span> <span class='ocrx_word' id='word_1_147' title='bbox 261 2119 443 2186; x_wconf 85' lang='lat' dir='ltr'>Pylaea</span> <span class='ocrx_word' id='word_1_148' title='bbox 468 2137 586 2169; x_wconf 87' lang='lat' dir='ltr'>vero</span> <span class='ocrx_word' id='word_1_149' title='bbox 615 2127 686 2168; x_wconf 87' lang='lat' dir='ltr'>est</span> <span class='ocrx_word' id='word_1_150' title='bbox 713 2119 1181 2185; x_wconf 85' lang='lat' dir='ltr'>Amphictyonicum</span> <span class='ocrx_word' id='word_1_151' title='bbox 1208 2119 1509 2178; x_wconf 89' lang='lat' dir='ltr'>concilium.)</span> 
     </span>
    </p>
   </div>
   <div class='ocr_carea' id='block_1_6' title="bbox 908 2258 1219 2312">
    <p class='ocr_par' dir='ltr' id='par_1_10' title="bbox 908 2258 1219 2312">
     <span class='ocr_line' id='line_1_23' title="bbox 908 2258 1219 2312; baseline 0 -1"><span class='ocrx_word' id='word_1_152' title='bbox 908 2258 1006 2311; x_wconf 81' lang='lat' dir='ltr'>Ad</span> <span class='ocrx_word' id='word_1_153' title='bbox 1031 2260 1219 2312; x_wconf 79' lang='lat'>1290.</span> 
     </span>
    </p>
   </div>
   <div class='ocr_carea' id='block_1_7' title="bbox 148 2368 1981 2518">
    <p class='ocr_par' dir='ltr' id='par_1_11' title="bbox 148 2368 1981 2518">
     <span class='ocr_line' id='line_1_24' title="bbox 287 2368 1981 2436; baseline -0.002 -17"><span class='ocrx_word' id='word_1_154' title='bbox 287 2370 471 2419; x_wconf 80' lang='lat' dir='ltr'>Confer</span> <span class='ocrx_word' id='word_1_155' title='bbox 523 2371 666 2419; x_wconf 90' lang='lat' dir='ltr'>etiam</span> <span class='ocrx_word' id='word_1_156' title='bbox 725 2371 1096 2436; x_wconf 79' lang='lat' dir='ltr'>inscriptionem</span> <span class='ocrx_word' id='word_1_157' title='bbox 1158 2370 1412 2419; x_wconf 86' lang='lat' dir='ltr'>marmoris</span> <span class='ocrx_word' id='word_1_158' title='bbox 1465 2368 1798 2418; x_wconf 81' lang='lat' dir='ltr'>Choiseuliani</span> <span class='ocrx_word' id='word_1_159' title='bbox 1849 2368 1981 2434; x_wconf 90' lang='lat' dir='ltr'>apud</span> 
     </span>
     <span class='ocr_line' id='line_1_25' title="bbox 148 2451 1976 2518; baseline 0 -18"><span class='ocrx_word' id='word_1_160' title='bbox 148 2454 231 2501; x_wconf 92' lang='lat' dir='ltr'>Bo</span> <span class='ocrx_word' id='word_1_161' title='bbox 248 2471 272 2502; x_wconf 91' lang='lat' dir='ltr'>e</span> <span class='ocrx_word' id='word_1_162' title='bbox 289 2452 437 2501; x_wconf 88' lang='lat' dir='ltr'>ckhi</span> <span class='ocrx_word' id='word_1_163' title='bbox 454 2471 546 2500; x_wconf 88' lang='lat' dir='ltr'>um</span> <span class='ocrx_word' id='word_1_164' title='bbox 575 2455 610 2503; x_wconf 90' lang='grc' dir='ltr'>Ι.</span> <span class='ocrx_word' id='word_1_165' title='bbox 638 2454 721 2502; x_wconf 79' lang='lat' dir='ltr'>Nr.</span> <span class='ocrx_word' id='word_1_166' title='bbox 753 2454 914 2516; x_wconf 83' lang='lat'>1688;</span> <span class='ocrx_word' id='word_1_167' title='bbox 954 2463 1001 2502; x_wconf 85' lang='lat' dir='ltr'>et</span> <span class='ocrx_word' id='word_1_168' title='bbox 1027 2454 1399 2518; x_wconf 80' lang='lat' dir='ltr'>inscriptionem</span> <span class='ocrx_word' id='word_1_169' title='bbox 1426 2453 1474 2500; x_wconf 89' lang='lat' dir='ltr'>in</span> <span class='ocrx_word' id='word_1_170' title='bbox 1503 2452 1722 2517; x_wconf 87' lang='lat' dir='ltr'>ejusdem</span> <span class='ocrx_word' id='word_1_171' title='bbox 1749 2451 1791 2500; x_wconf 94' lang='lat' dir='ltr'>O</span> <span class='ocrx_word' id='word_1_172' title='bbox 1808 2468 1832 2500; x_wconf 91' lang='lat' dir='ltr'>e</span> <span class='ocrx_word' id='word_1_173' title='bbox 1849 2469 1976 2501; x_wconf 89' lang='lat' dir='ltr'>con.</span> 
     </span>
    </p>
   </div>
   <div class='ocr_carea' id='block_1_8' title="bbox 147 2536 1218 2730">
    <p class='ocr_par' dir='ltr' id='par_1_12' title="bbox 147 2536 1218 2730">
     <span class='ocr_line' id='line_1_26' title="bbox 147 2536 990 2604; baseline 0.004 -20"><span class='ocrx_word' id='word_1_174' title='bbox 147 2536 318 2601; x_wconf 91' lang='lat' dir='ltr'>publ.</span> <span class='ocrx_word' id='word_1_175' title='bbox 361 2536 496 2587; x_wconf 91' lang='lat' dir='ltr'>Ath.</span> <span class='ocrx_word' id='word_1_176' title='bbox 537 2537 677 2587; x_wconf 90' lang='lat' dir='ltr'>Tom.</span> <span class='ocrx_word' id='word_1_177' title='bbox 706 2539 767 2588; x_wconf 87' lang='lat' dir='ltr'>II.</span> <span class='ocrx_word' id='word_1_178' title='bbox 796 2557 842 2604; x_wconf 93' lang='lat' dir='ltr'>p.</span> <span class='ocrx_word' id='word_1_179' title='bbox 876 2539 990 2587; x_wconf 89' lang='grc'><strong>104.</strong></span> 
     </span>
     <span class='ocr_line' id='line_1_27' title="bbox 908 2678 1218 2730; baseline -0.003 0"><span class='ocrx_word' id='word_1_180' title='bbox 908 2678 1007 2730; x_wconf 79' lang='lat' dir='ltr'>Ad</span> <span class='ocrx_word' id='word_1_181' title='bbox 1031 2678 1218 2730; x_wconf 81' lang='lat'>1292.</span> 
     </span>
    </p>
   </div>
   <div class='ocr_carea' id='block_1_9' title="bbox 148 2784 1983 3348">
    <p class='ocr_par' dir='ltr' id='par_1_13' title="bbox 148 2784 1983 3348">
     <span class='ocr_line' id='line_1_28' title="bbox 289 2784 1980 2852; baseline 0 -19"><span class='ocrx_word' id='word_1_182' title='bbox 289 2784 533 2848; x_wconf 84' lang='lat' dir='ltr'>Regresso</span> <span class='ocrx_word' id='word_1_183' title='bbox 573 2785 771 2836; x_wconf 88' lang='lat' dir='ltr'>Thebas</span> <span class='ocrx_word' id='word_1_184' title='bbox 812 2805 923 2836; x_wconf 87' lang='lat' dir='ltr'>cum</span> <span class='ocrx_word' id='word_1_185' title='bbox 971 2788 1123 2852; x_wconf 85' lang='lat' dir='ltr'>copiis</span> <span class='ocrx_word' id='word_1_186' title='bbox 1164 2786 1420 2835; x_wconf 87' lang='lat' dir='ltr'>Mardonio</span> <span class='ocrx_word' id='word_1_187' title='bbox 1449 2821 1462 2845; x_wconf 88' lang='lat'>.,</span> <span class='ocrx_word' id='word_1_188' title='bbox 1516 2802 1664 2849; x_wconf 92' lang='lat' dir='ltr'>quum</span> <span class='ocrx_word' id='word_1_189' title='bbox 1702 2785 1753 2832; x_wconf 92' lang='lat' dir='ltr'>in</span> <span class='ocrx_word' id='word_1_190' title='bbox 1794 2785 1980 2834; x_wconf 78' lang='lat' dir='ltr'>Isthmo</span> 
     </span>
     <span class='ocr_line' id='line_1_29' title="bbox 150 2868 1979 2935; baseline 0 -17"><span class='ocrx_word' id='word_1_191' title='bbox 150 2868 329 2918; x_wconf 78' lang='lat' dir='ltr'>Graeci</span> <span class='ocrx_word' id='word_1_192' title='bbox 357 2869 731 2931; x_wconf 82' lang='lat' dir='ltr'>convenissent,</span> <span class='ocrx_word' id='word_1_193' title='bbox 776 2870 1013 2919; x_wconf 86' lang='lat' dir='ltr'>universis</span> <span class='ocrx_word' id='word_1_194' title='bbox 1046 2869 1364 2935; x_wconf 79' lang='lat' dir='ltr'>jurejm·ando</span> <span class='ocrx_word' id='word_1_195' title='bbox 1399 2886 1450 2917; x_wconf 87' lang='lat' dir='ltr'>se</span> <span class='ocrx_word' id='word_1_196' title='bbox 1477 2868 1539 2917; x_wconf 87' lang='lat' dir='ltr'>ad</span> <span class='ocrx_word' id='word_1_197' title='bbox 1566 2868 1659 2917; x_wconf 93' lang='lat' dir='ltr'>hoc</span> <span class='ocrx_word' id='word_1_198' title='bbox 1685 2868 1867 2917; x_wconf 91' lang='lat' dir='ltr'>bellum</span> <span class='ocrx_word' id='word_1_199' title='bbox 1894 2871 1979 2918; x_wconf 94' lang='lat' dir='ltr'>ob-</span> 
     </span>
     <span class='ocr_line' id='line_1_30' title="bbox 150 2951 1981 3018; baseline -0.002 -18"><span class='ocrx_word' id='word_1_200' title='bbox 150 2952 392 3016; x_wconf 83' lang='lat' dir='ltr'>stringere</span> <span class='ocrx_word' id='word_1_201' title='bbox 432 2952 629 3016; x_wconf 84' lang='lat' dir='ltr'>placuit.</span> <span class='ocrx_word' id='word_1_202' title='bbox 681 2954 916 3003; x_wconf 87' lang='lat' dir='ltr'>Formula</span> <span class='ocrx_word' id='word_1_203' title='bbox 946 2953 1266 3018; x_wconf 88' lang='lat' dir='ltr'>jurisjurandi</span> <span class='ocrx_word' id='word_1_204' title='bbox 1305 2953 1425 3001; x_wconf 91' lang='lat' dir='ltr'>haec</span> <span class='ocrx_word' id='word_1_205' title='bbox 1465 2960 1592 3000; x_wconf 88' lang='lat' dir='ltr'>erat:</span> <span class='ocrx_word' id='word_1_206' title='bbox 1641 2951 1847 3014; x_wconf 84' lang='lat' dir='ltr'>„Vitam</span> <span class='ocrx_word' id='word_1_207' title='bbox 1881 2968 1981 2998; x_wconf 86' lang='lat' dir='ltr'>non</span> 
     </span>
     <span class='ocr_line' id='line_1_31' title="bbox 149 3034 1980 3100; baseline -0.001 -17"><span class='ocrx_word' id='word_1_208' title='bbox 149 3036 303 3099; x_wconf 92' lang='lat' dir='ltr'>pluris</span> <span class='ocrx_word' id='word_1_209' title='bbox 330 3035 506 3083; x_wconf 87' lang='lat' dir='ltr'>faciam</span> <span class='ocrx_word' id='word_1_210' title='bbox 532 3036 786 3097; x_wconf 82' lang='lat' dir='ltr'>libertate3</span> <span class='ocrx_word' id='word_1_211' title='bbox 827 3036 998 3096; x_wconf 79' lang='lat' dir='ltr'>duces,</span> <span class='ocrx_word' id='word_1_212' title='bbox 1040 3054 1125 3084; x_wconf 90' lang='lat' dir='ltr'>seu</span> <span class='ocrx_word' id='word_1_213' title='bbox 1158 3037 1328 3084; x_wconf 81' lang='lat' dir='ltr'>vivant</span> <span class='ocrx_word' id='word_1_214' title='bbox 1355 3053 1440 3083; x_wconf 91' lang='lat' dir='ltr'>seu</span> <span class='ocrx_word' id='word_1_215' title='bbox 1467 3042 1730 3100; x_wconf 85' lang='lat' dir='ltr'>oppetant,</span> <span class='ocrx_word' id='word_1_216' title='bbox 1770 3053 1870 3083; x_wconf 90' lang='lat' dir='ltr'>non</span> <span class='ocrx_word' id='word_1_217' title='bbox 1898 3034 1980 3081; x_wconf 92' lang='lat' dir='ltr'>de-</span> 
     </span>
     <span class='ocr_line' id='line_1_32' title="bbox 151 3116 1979 3184; baseline -0.001 -19"><span class='ocrx_word' id='word_1_218' title='bbox 151 3134 332 3179; x_wconf 80' lang='lat' dir='ltr'>seram3</span> <span class='ocrx_word' id='word_1_219' title='bbox 372 3117 458 3166; x_wconf 88' lang='lat' dir='ltr'>sed</span> <span class='ocrx_word' id='word_1_220' title='bbox 486 3125 533 3166; x_wconf 89' lang='lat' dir='ltr'>et</span> <span class='ocrx_word' id='word_1_221' title='bbox 560 3120 717 3167; x_wconf 88' lang='lat' dir='ltr'>socios</span> <span class='ocrx_word' id='word_1_222' title='bbox 743 3120 794 3167; x_wconf 93' lang='lat' dir='ltr'>in</span> <span class='ocrx_word' id='word_1_223' title='bbox 821 3136 989 3184; x_wconf 84' lang='lat' dir='ltr'>pugna</span> <span class='ocrx_word' id='word_1_224' title='bbox 1016 3136 1208 3179; x_wconf 81' lang='lat' dir='ltr'>caesos,</span> <span class='ocrx_word' id='word_1_225' title='bbox 1252 3125 1491 3182; x_wconf 89' lang='lat' dir='ltr'>quotquot</span> <span class='ocrx_word' id='word_1_226' title='bbox 1516 3118 1722 3179; x_wconf 83' lang='lat' dir='ltr'>fuerint,</span> <span class='ocrx_word' id='word_1_227' title='bbox 1764 3116 1979 3182; x_wconf 88' lang='lat' dir='ltr'>sepultu-</span> 
     </span>
     <span class='ocr_line' id='line_1_33' title="bbox 149 3199 1979 3266; baseline -0.003 -16"><span class='ocrx_word' id='word_1_228' title='bbox 149 3217 232 3250; x_wconf 85' lang='lat' dir='ltr'>rae</span> <span class='ocrx_word' id='word_1_229' title='bbox 258 3200 476 3261; x_wconf 74' lang='lat' dir='ltr'>tradam3</span> <span class='ocrx_word' id='word_1_230' title='bbox 515 3201 768 3249; x_wconf 89' lang='lat' dir='ltr'>victoriam</span> <span class='ocrx_word' id='word_1_231' title='bbox 805 3202 897 3250; x_wconf 93' lang='lat' dir='ltr'>hoc</span> <span class='ocrx_word' id='word_1_232' title='bbox 936 3201 1064 3250; x_wconf 90' lang='lat' dir='ltr'>bello</span> <span class='ocrx_word' id='word_1_233' title='bbox 1100 3201 1158 3249; x_wconf 87' lang='lat' dir='ltr'>de</span> <span class='ocrx_word' id='word_1_234' title='bbox 1197 3200 1418 3249; x_wconf 86' lang='lat' dir='ltr'>barbaris</span> <span class='ocrx_word' id='word_1_235' title='bbox 1445 3201 1651 3266; x_wconf 89' lang='lat' dir='ltr'>adeptus</span> <span class='ocrx_word' id='word_1_236' title='bbox 1679 3202 1850 3249; x_wconf 90' lang='lat' dir='ltr'>urbem</span> <span class='ocrx_word' id='word_1_237' title='bbox 1873 3199 1979 3246; x_wconf 89' lang='lat' dir='ltr'>nul-</span> 
     </span>
     <span class='ocr_line' id='line_1_34' title="bbox 148 3282 1983 3348; baseline -0.003 -16"><span class='ocrx_word' id='word_1_238' title='bbox 148 3283 247 3332; x_wconf 92' lang='lat' dir='ltr'>lam</span> <span class='ocrx_word' id='word_1_239' title='bbox 272 3284 549 3332; x_wconf 82' lang='lat' dir='ltr'>certaminis</span> <span class='ocrx_word' id='word_1_240' title='bbox 576 3284 865 3348; x_wconf 89' lang='lat' dir='ltr'>participem</span> <span class='ocrx_word' id='word_1_241' title='bbox 890 3293 1106 3333; x_wconf 87' lang='lat' dir='ltr'>evertam</span> <span class='ocrx_word' id='word_1_242' title='bbox 1128 3322 1137 3343; x_wconf 84' lang='lat'>‚</span> <span class='ocrx_word' id='word_1_243' title='bbox 1172 3284 1362 3332; x_wconf 91' lang='lat' dir='ltr'>nullum</span> <span class='ocrx_word' id='word_1_244' title='bbox 1389 3284 1445 3332; x_wconf 89' lang='lat' dir='ltr'>de</span> <span class='ocrx_word' id='word_1_245' title='bbox 1473 3285 1663 3347; x_wconf 91' lang='lat' dir='ltr'>templis</span> <span class='ocrx_word' id='word_1_246' title='bbox 1690 3282 1908 3331; x_wconf 89' lang='lat' dir='ltr'>accensis</span> <span class='ocrx_word' id='word_1_247' title='bbox 1935 3288 1983 3327; x_wconf 91' lang='lat' dir='ltr'>et</span> 
     </span>
    </p>
   </div>
   <div class='ocr_carea' id='block_1_10' title="bbox 152 3363 1980 3488">
    <p class='ocr_par' dir='ltr' id='par_1_14' title="bbox 152 3363 1980 3488">
     <span class='ocr_line' id='line_1_35' title="bbox 152 3363 1980 3432; baseline -0.002 -17"><span class='ocrx_word' id='word_1_248' title='bbox 152 3365 322 3415; x_wconf 85' lang='lat' dir='ltr'>dirutis</span> <span class='ocrx_word' id='word_1_249' title='bbox 347 3366 650 3430; x_wconf 74' lang='lat' dir='ltr'>instaurabo,</span> <span class='ocrx_word' id='word_1_250' title='bbox 690 3366 775 3416; x_wconf 86' lang='lat' dir='ltr'>sed</span> <span class='ocrx_word' id='word_1_251' title='bbox 801 3376 1173 3417; x_wconf 88' lang='lat' dir='ltr'>monumentum</span> <span class='ocrx_word' id='word_1_252' title='bbox 1196 3368 1405 3432; x_wconf 83' lang='lat' dir='ltr'>posteris</span> <span class='ocrx_word' id='word_1_253' title='bbox 1431 3367 1749 3417; x_wconf 85' lang='lat' dir='ltr'>barbarorum</span> <span class='ocrx_word' id='word_1_254' title='bbox 1775 3366 1868 3414; x_wconf 90' lang='lat' dir='ltr'>hoc</span> <span class='ocrx_word' id='word_1_255' title='bbox 1892 3363 1980 3412; x_wconf 88' lang='lat' dir='ltr'>im-</span> 
     </span>
     <span class='ocr_line' id='line_1_36' title="bbox 1648 3447 1702 3488; baseline 0 0"><span class='ocrx_word' id='word_1_256' title='bbox 1648 3447 1702 3488; x_wconf 85' lang='lat'>38</span> 
     </span>
    </p>
   </div>
  </div>
 </body>
</html>
