2114 3642
118 255 229 303 ‘626
665 263 1070 301 COMMENTARIUS
1098 263 1166 296 AD
1196 261 1299 297 1479.
1329 263 1435 299 1482.

122 396 261 445 bis?
311 396 489 446 dabo.
556 389 948 443 Promittis?
996 391 1326 456 promitto.
1390 391 1550 441 Fide
1589 392 1967 457 promittis?

125 479 260 528 fide
299 480 630 545 promitto.
670 473 827 523 Fide
859 474 1095 539 jubes?
1133 473 1274 523 fide
1304 476 1520 540 jubeo.
1573 476 1847 525 Facies?
1886 477 1966 525 fa-

123 564 296 612 ciam.
348 562 445 612 Sed
485 561 605 608 haec
645 557 842 623 quidem
881 558 1149 607 verborum
1177 557 1416 622 obligatio
1457 559 1597 608 dari
1636 577 1705 625 sp
1723 576 1797 608 on
1813 558 1844 610 d
1861 576 1923 608 es
1944 560 1968 608 ἶ)

121 646 441 713 spondeO,
488 642 692 709 propria
728 642 908 691 civium
946 642 1283 691 Romanorum
1322 650 1422 707 est;
1460 650 1652 693 ceterae
1691 660 1810 692 vero
1842 643 1967 708 juris

120 731 341 795 gentium
368 734 507 789 sunt,
546 727 712 791 itaque
750 725 879 775 inter
918 743 1088 775 omnes
1127 725 1376 787 homines,
1418 727 1522 775 sive
1556 726 1688 775 cives
1713 726 1967 775 Romanos

120 814 222 862 sive
249 811 564 877 peregrinos,
605 810 799 874 valent3
839 817 887 858 et
926 809 1154 875 quamvis
1194 810 1256 859 ad
1285 808 1530 859 Graecam
1563 826 1736 859 vocem
1764 826 1962 875 expres-

120 912 200 944 sae
227 893 436 956 fuerint,
464 894 602 943 velut
628 892 722 941 hoc
748 893 893 943 modo
921 889 1089 948 δώσεις
1105 913 1123 950 ,·
1151 887 1319 938 δώσω·
1362 885 1628 959 ὁμολογεῖς
1644 913 1662 949 ,·
1701 885 1967 958 ὁμολογῶ·

120 977 278 1024 πίστει
304 974 557 1035 sedetiam,-
594 977 756 1024 πίστει
791 972 1009 1024 κελεύω·
1052 973 1267 1034 ποιήσεις
1284 997 1301 1034 ‚·
1340 973 1528 1033 ποιήσω
1545 1012 1557 1032 ,
1599 977 1748 1025 etiam
1773 976 1865 1026 hae
1893 984 1963 1025 ta-

119 1079 229 1110 men
256 1062 384 1110 inter
412 1061 545 1110 cives
570 1061 817 1110 Romanos
845 1061 1038 1122 valent,
1081 1061 1119 1109 si
1160 1059 1307 1109 modo
1336 1059 1513 1110 Graeci
1551 1060 1788 1109 sermonis
1821 1060 1963 1108 intel-

117 1146 301 1194 lectum
327 1144 559 1193 habeant.
587 1182 597 1193 .
626 1182 636 1193 .
665 1182 675 1193 .
703 1144 768 1196 At
793 1144 876 1193 illa
902 1144 1172 1194 verborum
1199 1144 1440 1209 obligatio
1467 1144 1606 1194 dari
1633 1162 1655 1193 s
1671 1162 1702 1209 p
1722 1161 1749 1191 o
1766 1162 1798 1191 n
1814 1143 1844 1192 d
1861 1160 1886 1192 e
1903 1145 1965 1192 s‘?

117 1229 362 1293 sponde
382 1246 436 1291 o,
477 1228 602 1278 adeo
641 1228 843 1294 propria
883 1229 1063 1277 civium
1091 1229 1429 1277 Romanorum
1457 1234 1557 1289 est,
1596 1234 1650 1276 ut
1676 1244 1738 1276 ne
1766 1226 1964 1293 quidem

117 1313 166 1362 in
182 1312 427 1363 Graecum
443 1330 719 1363 sermonem
746 1331 835 1379 per
861 1313 1322 1379 interpretationem
1348 1313 1548 1380 proprie
1574 1311 1829 1362 transferri
1852 1329 1965 1376 pos-

116 1398 202 1459 sit,
231 1398 455 1463 quamvis
484 1397 674 1446 dicatur
700 1415 729 1446 a
756 1397 950 1448 Graeca
975 1414 1098 1447 voce
1126 1398 1338 1461 figurata
1366 1414 1487 1446 esse.

258 1493 473 1543 Nomina
511 1500 856 1543 contractuum
894 1501 1150 1544 enumerat
1188 1493 1366 1545 Pollux
1393 1493 1532 1555 VIII,
1572 1492 1700 1540 140:
1740 1506 1965 1557 συγγρα-

117 1572 206 1637 φὴ,
236 1573 599 1643 συνάλλαγμα,
630 1572 971 1640 συμβόλαιον,
1013 1582 1391 1644 γραμματεῖον,
1428 1572 1665 1633 συνθήκη
1693 1575 1965 1642 ἔγγραφος,

117 1653 369 1726 ὃμολογία
398 1659 653 1726 ἔγγραφος
681 1699 689 1709 .
722 1699 728 1707 .
762 1699 769 1707 .
800 1657 1015 1718 ναυτικὴ
1045 1657 1325 1728 συγγραφή.

261 1757 316 1806 L.
349 1756 427 1805 19.
454 1758 514 1806 D.
557 1756 617 1805 de
646 1756 705 1806 V.
734 1756 781 1806 S.
824 1758 934 1820 (50,
966 1757 1085 1817 16):
1125 1756 1296 1806 Labeo
1337 1756 1509 1806 definit
1547 1761 1964 1805 contractum

116 1841 469 1906 ultrocitroque
499 1841 878 1905 obligationem,
908 1841 1040 1906 quod
1068 1840 1248 1891 Graeci
1277 1837 1610 1905 συνάλλαγμα
1640 1846 1832 1901 vocant,
1863 1839 1963 1888 vel-

116 1925 186 1973 uti
214 1924 480 1973 emtionem
508 1923 872 1987 venditionem,
900 1925 1195 1974 locationem
1223 1923 1629 1984 conductionem,
1665 1924 1964 1971 societatem.

889 2064 989 2118 Ad
1019 2067 1142 2118 147
1150 2066 1208 2119 9.

258 2177 486 2243 Byzantii
513 2176 870 2243 permutandae
911 2177 1151 2242 pecuniae
1191 2193 1415 2226 mensam
1447 2173 1788 2225 tantummodo
1814 2189 1963 2223 unam

117 2260 399 2324 elocarunt,
438 2261 485 2310 id
512 2268 586 2310 est
624 2262 709 2310 uni
748 2262 996 2310 mensal-io
1033 2261 1277 2311 dederunt
1302 2261 1585 2311 facultatem
1611 2257 1965 2325 permutandae

118 2345 384 2409 pecuniae3
422 2360 581 2410 neque
620 2344 801 2393 licebat
840 2344 934 2393 alio
973 2362 1176 2393 nummo
1210 2344 1290 2394 vel
1319 2344 1378 2394 de
1406 2344 1562 2393 altero
1596 2359 1758 2392 emere
1784 2341 1867 2391 vel
1893 2339 1962 2389 al-

115 2429 207 2477 teri
234 2428 448 2477 vendere
476 2428 771 2493 quidquam;
811 2427 943 2493 quod
970 2429 1010 2477 si
1036 2429 1143 2494 quis
1171 2428 1393 2490 fecisset,
1435 2428 1643 2494 pecunia
1669 2444 1727 2476 ea
1753 2425 1958 2474 mulcta-

118 2510 275 2561 batur.
318 2511 689 2572 (Aristotel.
725 2510 958 2561 Oecon.
987 2513 1052 2574 Π,
1080 2513 1126 2575 2,
1155 2513 1230 2572 3.)

892 2652 992 2705 Ad
1016 2653 1207 2706 1482.

259 2761 315 2810 Id
340 2763 472 2829 apud
498 2763 750 2813 Romanos
790 2780 986 2829 quoque
1026 2763 1263 2825 valuisse,
1308 2768 1445 2829 patet
1485 2778 1509 2811 e
1535 2760 1571 2810 J
1575 2760 1659 2810 ulii
1688 2760 1826 2809 Pauli
1854 2777 1961 2808 sen-

118 2845 311 2907 tentiis,
345 2847 396 2895 in
424 2848 598 2912 quibus
628 2850 692 2910 (I,
721 2849 792 2897 tit.
823 2848 868 2909 1,
896 2850 955 2908 4)
983 2848 1183 2897 dicitur:
1224 2864 1385 2912 neque
1414 2853 1587 2896 contra
1612 2845 1776 2910 leges,
1804 2860 1964 2909 neque

120 2934 291 2976 contra
315 2928 472 2979 bonos
498 2949 661 2981 mores
687 2932 872 2997 pacisci
899 2949 1174 2997 possumus.

261 3010 296 3059 J
300 3028 355 3059 us
382 3011 896 3064 Graeco-Romanum.
939 3015 1062 3064 Pars
1089 3015 1151 3064 II.
1193 3013 1436 3080 Synopsis
1462 3013 1636 3062 minor.
1664 3011 1751 3061 Ed.
1777 3010 1962 3060 Zacha-

120 3093 219 3143 riae
259 3110 288 3141 a
327 3094 630 3160 Lingenthal
669 3116 783 3165 pap.
825 3098 955 3147 113:
997 3093 1264 3144 ἰδιωτικὸν
1303 3093 1588 3159 σύμφωνον
1627 3090 1730 3142 οὐκ
1768 3090 1991 3165 ἀναιρεῖ.

119 3172 306 3223 κοινὸν
332 3173 566 3240 νόμιμον.
609 3182 893 3242 (Privatum
918 3188 1117 3248 pactum
1143 3200 1244 3231 non
1270 3181 1398 3230 tollit
1424 3196 1732 3230 communem
1759 3179 1965 3243 legem.)

264 3259 387 3310 Ibid.
416 3279 528 3326 pag.
560 3264 684 3313 133:
724 3261 876 3327 Παρὰ
905 3261 965 3311 τά
995 3261 1149 3312 κοινά
1183 3261 1371 3327 νόμιμα
1400 3268 1694 3326 συμφωνεῖν
1723 3257 1827 3309 οὐκ
1856 3262 1960 3318 ἔξε-

121 3358 242 3392 στιν,
286 3343 501 3401 (Contra
527 3346 750 3409 publicos
777 3366 938 3398 mores
965 3349 1147 3414 pacisci
1177 3366 1277 3397 non
1305 3349 1458 3406 licet.)
