2161 3673
660 297 1023 333 MAGISTRATUS
1049 296 1347 331 MILITARES.
1859 289 1925 336 85

87 430 326 497 equitatus
352 426 684 476 incolumitate
723 425 815 475 diis
856 425 944 475 rite
984 424 1116 485 litet,
1153 424 1330 476 deinde
1371 434 1424 475 ut
1462 428 1512 476 in
1552 427 1685 478 feriis
1718 447 1927 497 pompas

87 520 309 579 spectatu
338 510 513 575 dignas
540 510 798 572 exhibeat3
826 517 1085 575 praeterea
1113 518 1161 558 et
1187 508 1295 571 alia,
1321 528 1445 576 quae
1474 512 1658 561 civitati
1687 513 1925 562 exhiben-

87 597 150 646 da
185 602 324 655 sunt,
362 601 415 643 ut
453 611 601 659 quam
637 590 962 659 pulcherrime
1003 609 1092 658 pro
1126 592 1254 642 virili
1295 593 1550 656 exhibeat,
1592 603 1696 644 tum
1723 595 1772 643 in
1799 595 1925 645 Aca-

88 678 274 739 demia,
301 685 403 727 tum
427 676 478 725 in
506 676 673 743 Lyceo
700 682 749 724 et
774 674 987 724 Phalero
1016 681 1065 723 et
1088 675 1140 723 in
1167 675 1504 742 hippodromo.

229 877 289 925 Oi
329 874 379 924 δὲ,
420 873 677 939 φύλαρχοι
722 873 872 932 δέκα,
914 871 982 931 εἷς
1022 871 1121 923 ἀπὸ
1162 876 1322 937 φυλῆς
1363 875 1572 936 ἑκάστης
1605 877 1707 926 τῶν
1733 878 1922 927 ἱππέων

84 961 438 1024 προΐστανται,
479 957 718 1022 καθάπερ
747 959 793 1007 οἱ
819 960 1087 1022 ταξίαρχοι
1114 958 1217 1007 τῶν
1242 954 1482 1008 ὁπλιτῶν.

943 1115 1042 1162 347
1255 1044 1459 1104 (Ponux
1486 1045 1622 1107 vm,
1654 1046 1781 1107 94).

225 1210 433 1260 Tribuni
467 1211 666 1272 decem,
703 1228 830 1260 unus
871 1229 895 1260 e
935 1211 1068 1261 tribu
1106 1211 1350 1275 qualibet,
1392 1211 1636 1276 equitibus
1662 1221 1922 1278 praesunt,

83 1294 224 1343 sicuti
251 1294 480 1344 ordinum
506 1294 656 1344 duces
683 1294 851 1358 gravis
878 1301 1156 1343 armaturae
1183 1293 1436 1342 militibus.

229 1501 605 1567 Φύλαρχος,
648 1499 676 1553 ὁ
719 1501 853 1552 κατὰ
895 1501 1063 1565 φυλὴν
1105 1502 1323 1562 ἑκάστην
1359 1501 1453 1551 τοῦ
1482 1503 1702 1553 ἱππικοῦ
1728 1500 1922 1569 ἄρχων,

86 1581 489 1655 ὑποτεταγμένος
515 1592 616 1637 ἐστι
643 1586 714 1653 τῷ
741 1586 997 1652 ἱππάρχῳ.
1382 1589 1781 1655 (Harpocratio.)

940 1698 1058 1746 348.

223 1790 504 1854 Tribunus,
545 1809 660 1842 suae
687 1792 840 1842 tribus
869 1791 1105 1859 equitatui
1133 1791 1439 1858 praefectus,
1469 1791 1694 1841 subditus
1723 1801 1795 1843 est
1819 1810 1921 1845 ma-

83 1874 238 1938 gistro
264 1875 494 1940 equitum.

939 1946 1056 1995 349.

231 2041 291 2087 Οἱ
317 2038 577 2103 φυλάρχαι
604 2040 954 2109 προγράφουσι
981 2038 1101 2097 τούς
1128 2042 1518 2103 στρατευσίμους
1544 2044 1599 2089 ἐν
1626 2043 1820 2092 πίνακι.

804 2125 992 2187 (Schol.
1020 2127 1070 2175 in
1097 2125 1415 2192 Aristophan.
1444 2125 1590 2175 Aves,
1619 2127 1778 2186 450.).

945 2232 1062 2281 349.

225 2326 432 2376 Tribuni
459 2326 804 2393 praescribunt
829 2327 1092 2376 militarem
1119 2334 1332 2376 aetatem
1358 2335 1527 2376 nactos
1554 2328 1604 2376 in
1631 2327 1811 2377 tabula.

937 2436 1053 2484 350.

220 2526 512 2587 Ἐξετασταί
551 2531 679 2576 εἰσιν
719 2531 766 2576 οἱ
807 2527 1117 2592 πεμπόαενοι
1157 2524 1402 2593 ἄρχοντες
1437 2525 1760 2593 προὲξετάσαι
1798 2526 1918 2586 τούς

85 2614 282 2669 ξένους,
325 2614 469 2660 πόσοι
496 2614 655 2670 εἰσίν,
695 2615 780 2661 ἵνα
802 2611 993 2675 μισθὸς
1019 2610 1193 2668 αὐτοῖς
1221 2616 1480 2676 πέμπηται.

945 2770 1047 2818 350
1130 2698 1275 2759 (Lex.
1305 2697 1508 2762 Seguer,
1537 2715 1584 2763 p.
1613 2696 1775 2758 252.)

226 2864 468 2914 Censores
495 2874 610 2914 sunt
635 2866 949 2929 magistratus
975 2866 1109 2915 missi
1137 2866 1197 2914 ad
1224 2865 1424 2930 praevie
1453 2863 1804 2913 examinandos
1832 2881 1913 2931 pe-

85 2948 333 3011 regrinos,
375 2956 495 3014 quot
521 2949 618 2998 sint
644 2967 876 3011 numero,
919 2958 972 2999 ut
996 2949 1251 2999 mercedes
1276 2949 1396 3014 ipsis
1423 2948 1656 2997 mittatur.

941 3057 1056 3105 351.

230 3141 383 3198 Οὗτοι
413 3153 501 3198 καὶ
527 3148 647 3206 τούς
675 3147 1043 3214 ἀστρατεύτους
1069 3151 1398 3214 ἐξελέγχουσι.

550 3234 740 3296 (Schol.
765 3236 818 3284 in
845 3234 1075 3286 Aeschin.
1104 3233 1163 3282 de
1190 3233 1317 3283 male
1343 3241 1465 3299 gest.
1493 3233 1586 3298 leg.
1619 3233 1772 3292 177.)v

939 3340 1055 3388 351.

227 3435 291 3490 Hi
317 3436 464 3491 etiam
489 3436 714 3494 imbelles
741 3433 1125 3511 reprehendunt.
