2114 3642
188 190 289 235 570
725 202 1129 237 coMMssmTAmUs
1161 202 1226 234 ‚m
1256 200 1358 236 1151.
1391 200 1493 235 1152.

185 348 377 396 quoque
407 333 700 381 admonere.
741 328 870 392 quod
913 328 1178 377 decemviri
1220 330 1267 377 in
1302 332 1413 379 XII.
1443 330 1620 378 tabulis
1659 331 2026 379 inusitatissime

184 433 304 464 nox
346 434 434 480 pro
473 422 669 462 noctu
705 410 941 459 dixerunt.
996 411 1165 460 Verba
1191 413 1312 462 haec
1338 421 1477 462 sunt:
1519 413 1580 462 Si
1622 432 1649 460 n
1671 432 1745 462 ox
1784 414 1845 462 su
1862 422 2026 462 rtum

184 497 427 546 factum
469 498 573 550 sit,
614 495 662 541 si
703 494 776 540 im
818 493 1086 552 occisit,
1120 495 1265 557 jure
1305 514 1535 545 caesus
1576 503 1728 544 esto.

960 633 1060 686 Ad
1092 635 1256 688 1151.

323 746 527 803 Diogen.
558 743 716 791 Laert.
749 744 782 796 Ι,
815 743 906 790 57;
949 742 1100 791 Solon
1128 745 1321 793 statuit:
1364 763 1488 809 quae
1516 764 1612 793 non
1642 746 1933 812 deposuisti,
1964 764 2024 795 ne

180 827 346 884 tollas-3
386 826 422 872 si
450 842 589 873 secus
616 825 815 883 feceriS,
856 827 1067 892 capitale
1109 835 1226 876 esto.
1265 821 1430 889 ‘'Agm)
1463 828 1623 884 ἔθου,
1658 826 1729 890 μὴ
1759 825 1937 889 ἀνέλῃ·
1979 830 2026 874 εἰ

178 909 226 955 δὲ
248 905 318 969 μή
339 945 349 963 ,
393 904 624 962 θάνατος
652 901 676 966 ἦ
708 910 872 971 ζημία.

317 1002 506 1052 Aelian.
548 1004 663 1053 Var.
707 1005 816 1054 hist.
858 1006 946 1064 III,
990 1006 1084 1053 46:
1125 1004 1469 1072 Swyezombv
1512 1004 1689 1069 νόμος·
1743 999 1893 1062 οὗτος
1931 1010 2023 1053 καὶ

176 1082 335 1141 πάντη
366 1079 695 1143 ‘Emmsmdg-
739 1083 859 1149 ὅμὴ
892 1091 1149 1145 κατέθου,
1192 1092 1311 1148 φησὶ
1334 1125 1346 1145 ,
1381 1085 1451 1150 μή
1488 1086 1732 1152 λάμβανε.
1788 1090 2021 1154 (Stagiri-

174 1176 331 1217 tarum
362 1168 484 1219 haec
511 1183 583 1219 est
619 1172 696 1220 lex
737 1180 784 1221 et
825 1173 1024 1220 omnino
1053 1172 1270 1222 Graeca:
1311 1173 1455 1233 Quod
1484 1191 1581 1222 non
1612 1174 1910 1239 deposuisti,
1950 1175 2021 1222 in-

173 1252 304 1315 quit,
347 1269 407 1301 ne
436 1253 621 1313 tollas.)

316 1336 464 1385 Teste
493 1337 664 1386 eodem
696 1337 898 1386 Aeliano
940 1339 1110 1401 (Var.
1152 1340 1296 1388 hist.
1340 1339 1425 1394 IV,
1459 1341 1501 1397 1,
1533 1341 1591 1401 7)
1634 1340 1838 1405 Byblius
1872 1341 2021 1390 homo

170 1418 220 1465 in
248 1420 353 1477 via,
394 1420 432 1468 si
460 1421 632 1469 incidit
660 1422 708 1470 in
737 1422 950 1486 aliquid,
994 1421 1113 1471 nihil
1153 1423 1278 1471 tollit
1317 1441 1512 1483 eorum,
1554 1442 1680 1489 quae
1715 1443 1814 1473 non
1843 1443 2019 1489 posue-

171 1509 268 1549 rat:
309 1519 408 1550 non
437 1504 564 1552 enim
592 1504 685 1553 hoc
714 1505 996 1563 inventum,
1037 1505 1122 1555 sed
1151 1507 1378 1572 injuriam
1408 1507 1688 1557 arbitratur.

940 1646 1039 1699 Ad
1069 1648 1247 1700 1152.

311 1753 591 1803 Secundum
622 1756 842 1805 Platonis
870 1756 1032 1821 Leges
1062 1758 1208 1817 (874,
1237 1758 1302 1817 B)
1344 1760 1425 1823 qui
1462 1764 1613 1807 noctu
1639 1759 1798 1807 furem
1825 1759 2018 1808 furandi

168 1854 316 1886 causa
343 1838 545 1887 domum
572 1839 837 1888 intrantem
865 1841 1067 1895 occidit,
1109 1850 1157 1890 et
1192 1841 1273 1906 qui
1299 1849 1635 1906 grassatorem
1663 1838 2017 1904 (λωποδύτην)

167 1919 440 1969 defendens
466 1924 740 1984 interfecit,
781 1942 931 1989 purus
959 1934 1078 1975 esto.

310 2003 459 2070 Apud
493 2006 745 2056 Romanos
783 2015 947 2057 autem
987 2007 1140 2057 furem
1176 2009 1474 2058 interdiu
1513 2009 1877 2076 deprehensum
1916 2027 2016 2059 non

165 2087 309 2136 aliter
337 2089 558 2138 occidere
587 2091 667 2140 lex
696 2091 956 2140 duodecim
997 2093 1273 2141 tabularum
1314 2093 1561 2159 permisit,
1603 2111 1748 2159 quam
1777 2093 1814 2142 si
1842 2092 1939 2144 telo
1966 2110 2016 2142 se

168 2170 417 2221 defendat.
458 2172 719 2239 (Gajus,
761 2174 868 2223 lib.
899 2174 978 2223 13,
1020 2174 1092 2223 ad
1129 2175 1427 2225 Edictum
1467 2177 1916 2242 provinciale,
1957 2178 2014 2226 fr.

167 2255 246 2302 54.
275 2251 317 2320 ξ.
346 2255 418 2315 2.)

308 2337 567 2388 Gellius
608 2341 785 2391 Noct.
827 2340 951 2391 Att.
994 2343 1080 2403 XI,
1114 2343 1192 2402 18,
1222 2343 1281 2390 8:
1323 2343 1362 2392 E
1391 2343 1567 2392 ceteris
1594 2343 1868 2393 manifestis
1895 2343 2010 2393 furi-

164 2422 256 2470 bus
294 2421 475 2471 liberos
515 2423 767 2473 verberari
808 2424 1068 2490 addicique
1101 2427 1354 2491 jusserunt
1396 2427 1465 2485 ei,
1508 2426 1585 2474 cui
1614 2427 1801 2476 furtum
1827 2428 2013 2477 factum

165 2513 318 2564 esset,
362 2507 399 2554 si
442 2507 588 2556 modo
627 2506 674 2555 id
714 2508 807 2556 luci
850 2508 1082 2557 fecissent
1112 2527 1271 2574 neque
1300 2527 1349 2557 se
1377 2510 1475 2558 telo
1505 2509 1872 2572 defendissent3
1912 2529 2010 2559 ser-

166 2606 252 2636 vos
279 2589 393 2638 item
421 2589 533 2639 furti
561 2592 809 2641 manifesti
850 2610 1054 2657 prensos
1093 2594 1383 2643 verberibus
1421 2594 1567 2643 adfici
1595 2605 1642 2643 et
1671 2614 1695 2643 e
1724 2611 1842 2644 saxo
1871 2612 2010 2661 prae-

166 2671 381 2735 cipitari,
412 2673 496 2722 sed
524 2692 705 2739 pueros
732 2675 999 2740 inpuberes
1027 2678 1270 2741 praetoris
1300 2678 1537 2726 arbitratu
1566 2679 1813 2727 verberari
1843 2678 2009 2727 volue-

164 2761 275 2801 runt
302 2773 577 2822 noxamque
605 2758 667 2807 ab
696 2758 769 2806 his
797 2759 977 2807 factam
1006 2761 1185 2809 sarciri.

309 2836 455 2904 Gaji
496 2842 711 2890 Instit.
755 2843 843 2901 III,
876 2842 1002 2891 189:
1044 2843 1213 2892 Poena
1254 2845 1502 2894 manifesti
1544 2845 1657 2894 furti
1697 2863 1722 2893 e
1760 2845 1868 2910 lege
1896 2846 2008 2895 XII.

167 2920 438 2969 tabularum
467 2924 691 2989 capitalis
719 2935 847 2974 erat:
889 2944 1002 2974 nam
1031 2926 1153 2975 liber
1181 2928 1471 2977 verberatus
1499 2928 1819 2977 addicebatur
1845 2929 1903 2981 ei,
1932 2930 2008 2977 cui

168 3004 345 3051 furtum
378 3005 584 3069 fecerat,
624 3018 784 3058 utrum
813 3019 976 3060 autem
1006 3030 1175 3061 servus
1203 3013 1483 3061 efficeretur
1512 3031 1569 3062 ex
1597 3012 1903 3063 addictione.
1945 3030 2006 3060 an

164 3086 427 3150 adjudicati
466 3089 572 3139 loeo
615 3095 1020 3153 constitueretur,
1062 3104 1253 3144 veteres
1284 3096 1614 3160 quaerebant3
1653 3113 1824 3144 servus
1852 3114 2014 3164 aeque.

165 3169 450 3217 verberatus
480 3174 753 3224 necabatur.
807 3177 903 3226 Sed
945 3186 1118 3243 postea
1155 3180 1418 3243 inprobata
1448 3188 1520 3228 est
1546 3180 1786 3245 asperitas
1815 3169 2004 3245 poenae

163 3259 209 3300 ct
248 3260 346 3300 tam
387 3270 410 3299 c
452 3255 578 3300 servi
620 3274 830 3319 persona
872 3279 1015 3324 quam
1054 3279 1077 3309 e
1119 3262 1257 3310 liberi
1300 3262 1558 3328 quadrupli
1600 3262 1727 3310 actio
1763 3262 2004 3327 praetoris

164 3334 323 3383 edicto
352 3337 614 3385 constituta
644 3350 727 3387 est.
