2114 3642
646 176 1050 207 COMMENTAMFS
1086 176 1147 205 ,m
1176 174 1256 206 241.
1285 175 1367 207 242.
1394 174 1476 206 243.
1506 176 1588 207 246.
1936 170 2036 215 455

187 322 297 362 χυς.
342 304 634 363 (Harmosta
661 302 930 351 vocabatur
959 303 1087 367 apud
1114 302 1533 354 Lacedaemonios
1561 309 1736 358 missus
1766 320 1962 360 curator
1988 314 2037 360 in

193 387 443 437 subditam
469 388 666 447 urbem,
706 385 1052 452 praesidiariae
1080 385 1292 434 cohortis
1318 388 1644 453 praefectus.)

971 537 1070 589 Ad
1113 539 1251 590 241.

333 649 448 696 Fuit
475 649 625 713 igitur
651 647 964 711 magistratus
993 647 1437 710 extraordinarius,
1478 669 1607 701 anno
1647 653 1751 702 413
1780 672 1820 703 a.
1850 654 1938 704 Oh.
1966 656 2035 704 in-

191 732 401 780 stitutus.
443 731 516 781 Cf.
545 730 768 795 Thucyd.
800 731 937 792 VIII,
972 733 1013 779 1.

969 884 1067 937 Ad
1103 886 1254 939 242.

330 993 660 1060 Harpocratio
690 1012 724 1042 s,
753 1013 798 1042 v.
828 991 1170 1055 τετρακόσιοι;
1212 995 1574 1061 Quadringenti
1602 1000 1691 1047 viri
1721 1000 1853 1066 apud
1883 998 2033 1052 Athe-

187 1078 380 1127 nienses
422 1084 614 1143 septem
654 1079 794 1127 annis
836 1086 948 1134 ante
992 1080 1196 1145 triginta
1231 1089 1469 1145 tyrannos
1510 1084 1759 1132 constituti
1800 1093 1937 1144 sunt⁷
1978 1103 2035 1134 ac

186 1179 381 1210 menses
411 1168 643 1226 quattuor
669 1163 852 1211 civitati
890 1163 1221 1228 praefuerunt.
1275 1166 1549 1231 (Tempore
1578 1168 1808 1216 nimirum
1837 1169 2033 1218 seditio-

187 1245 262 1294 nis
291 1244 654 1310 oligarcharum
682 1263 812 1294 anno
840 1246 936 1293 411
970 1263 1011 1294 a.
1042 1245 1159 1306 Oh.)

330 1328 402 1377 Cf.
433 1328 596 1378 Schol.
626 1330 675 1378 in
704 1327 930 1377 Aeschin.
961 1328 1174 1393 Ctesiph.
1206 1328 1320 1378 176.

968 1480 1066 1533 Ad
1098 1482 1250 1535 243.

326 1592 770 1658 Harpocratio
823 1609 858 1639 s.
900 1609 943 1639 v.
995 1593 1352 1655 Συγγραφεῖςε
1403 1593 1706 1643 Consvetuni
1757 1596 1847 1644 fuit
1901 1598 2032 1662 apud

184 1675 536 1736 Athenienses,
580 1682 632 1724 ut
673 1676 1061 1740 quotiescunque
1103 1676 1161 1723 dc
1203 1675 1456 1741 republica
1485 1677 1863 1728 consultandum
1891 1689 2031 1739 esset‚

184 1766 365 1808 statuto
394 1759 471 1808 die
498 1760 741 1808 sententia
769 1759 829 1807 ad
856 1758 1095 1824 populum
1136 1759 1411 1807 referretur.
1465 1760 1603 1808 Idem
1631 1762 1776 1810 etiam
1806 1770 1917 1811 ante
1948 1766 2030 1811 fie-

184 1844 269 1891 bat
297 1861 443 1907 quam
472 1842 722 1891 constituti
750 1850 889 1890 erant
916 1841 1287 1906 Quadringenti.
1348 1844 1567 1891 Fuerunt
1610 1852 1774 1893 autem
1813 1847 2029 1896 universi

188 1927 545 1991 conscriptores
587 1928 946 1991 (συγγραφεῖς)
986 1933 1101 1974 tunc
1142 1926 1281 1974 electi
1321 1944 1528 1975 numero
1568 1928 1795 1991 triginta,
1837 1937 1887 1977 ut
1927 1929 2028 1979 An-

185 2011 342 2058 drotio
383 2017 430 2058 et
470 2009 794 2059 Philochorus
834 2009 1048 2058 tradunt.
1113 2009 1432 2074 Thucydides
1472 2028 1591 2059 vero
1632 2019 1823 2060 tantum
1861 2012 2030 2061 decem

182 2094 647 2160 praeconsultorum
674 2090 1032 2155 (προβούλων)
1061 2094 1363 2142 mentionem
1391 2095 1520 2143 fecit.

324 2192 381 2239 In
421 2190 615 2240 Lexicis
657 2189 969 2253 Seguerianis
1010 2209 1056 2255 p.
1100 2189 1196 2237 301
1245 2196 1550 2255 συγγραφεῖς
1601 2198 1840 2240 vocantur
1881 2192 2026 2241 etiam

183 2267 495 2339 καταλογεῖς.

325 2465 454 2513 Har
468 2484 500 2530 p
519 2465 774 2514 ocratio
803 2483 839 2514 s.
868 2483 912 2513 v.
941 2461 1173 2519 Mc'ulmg:
1215 2466 1388 2531 Lysias
1414 2466 1464 2513 in
1495 2466 1714 2514 oratione
1745 2466 1801 2514 (le
1831 2467 2022 2516 heredi-

180 2554 279 2597 tate
304 2547 546 2611 Diogenis
573 2549 753 2612 inquit:
796 2548 1078 2614 „Tempore
1105 2549 1309 2613 triginta
1336 2556 1653 2615 tyrannorum
1683 2549 1946 2599 decemviri
1974 2552 2024 2600 in

182 2633 386 2682 Piraeeo
419 2632 566 2681 rebus
592 2632 938 2697 praefuerunt,
968 2650 1179 2697 quorum
1205 2650 1331 2681 unus
1360 2632 1449 2680 fuit
1475 2632 1701 2698 Molpisf‘

324 2727 720 2777 Plutarchus
771 2729 833 2776 in
883 2729 1021 2777 vita
1072 2728 1401 2793 Lysandri
1444 2728 1592 2788 (1:⁷02
1645 2726 2024 2779 Atheniensium

181 2812 537 2879 rempublicam
563 2812 796 2872 mutavit,
838 2813 1043 2876 triginta
1069 2813 1118 2860 in
1145 2812 1292 2872 urbe,
1333 2811 1505 2860 decem
1531 2812 1581 2859 in
1608 2812 1813 2861 Piraeeo
1842 2814 2021 2862 consti-

180 2898 293 2946 tutis
318 2893 593 2962 praefectis.

323 2990 523 3041 Bekker
562 2988 750 3038 Anecd.
790 3007 864 3053 gr.
904 2992 940 3039 Ι.
982 3009 1028 3055 p.
1070 2990 1194 3038 235:
1241 2992 1412 3037 Δὲκα
1462 2990 1640 3043 τίνες
1692 2991 1857 3037 εἰσί.·
1898 2988 2019 3038 δέκα

187 3069 312 3131 ἦσάν
337 3093 466 3128 τινες
493 3077 548 3121 ἐν
562 3075 796 3134 Πειραιεῖ
822 3073 868 3120 οἱ
897 3067 1137 3134 ἄρξαντες
1165 3070 1297 3119 κατὰ
1324 3069 1415 3129 τήν
1442 3071 1721 3135 τυραννίδα
1748 3074 1852 3122 τῶν
1876 3072 2019 3137 τριά-

183 3176 373 3206 κοντα·
414 3153 544 3204 ἀλλὰ
584 3159 674 3202 καὶ
714 3158 1025 3217 προσέταξαν
1057 3152 1231 3211 αὐτοῖς
1258 3152 1487 3211 εὐθύνας
1513 3155 1597 3214 τῆς
1624 3153 1780 3219 ἀρχῆς
1810 3156 2017 3205 δοῦναι·

178 3237 248 3302 μή
291 3236 558 3307 ἀγνοῶμεν
597 3238 676 3297 δὲρ
730 3236 808 3286 ὅτι
848 3242 1006 3302 ἕτεροί
1046 3241 1139 3287 εἰσι
1181 3237 1331 3296 δέκα,
1375 3234 1464 3295 οὓς
1497 3236 1773 3299 Ἀθηναῖοι
1815 3245 2015 3290 εἵλοντο

179 3321 307 3387 μετὰ
347 3322 439 3383 τήν
477 3324 580 3373 τῶν
617 3321 895 3388 τριάκοντα
936 3322 1233 3372 κατάλυσιν.
1289 3327 1500 3386 (Decem
1529 3329 1611 3392 qui
1638 3328 1793 3376 sunt?
1831 3328 2018 3375 Decem
