2161 3673
897 167 1167 201 COLLATIO.
1846 152 1945 201 231

969 293 1084 342 912.

250 390 481 440 Universi
519 392 669 457 igitur
709 392 1023 458 symmoritae
1065 400 1178 439 sunt
1215 393 1345 442 mille
1383 393 1594 442 ducenti.
1645 392 1947 442 Dividuntur

106 481 271 522 autem
297 474 348 521 in
382 474 502 523 duas
540 483 732 541 partes,
774 491 975 539 quarum
1017 475 1264 538 quaelibet
1303 477 1644 542 complectitur
1686 483 1946 525 sexcentos

105 557 262 617 viros,
303 558 406 606 sive
449 557 618 606 decem
661 556 964 622 symmorias.
1017 557 1206 606 Harum
1246 560 1461 623 partium
1490 559 1740 623 quaelibet
1766 560 1945 607 iterum

105 640 335 688 dividitur
360 641 411 688 in
439 641 559 689 duas
593 648 787 706 parteS‚
826 648 879 687 ut
917 641 1169 704 quaelibet
1205 650 1451 690 tercentos
1492 642 1846 707 complectatur
1874 641 1943 689 vi-

104 740 210 783 ros,
251 741 336 772 seu
376 724 590 788 quinque
632 724 936 789 symmorias.
990 723 1054 772 Hi
1094 731 1258 772 autem
1284 726 1491 773 tercenti
1519 743 1542 773 e
1571 724 1820 773 ditissimis
1850 725 1947 773 sint

104 806 274 870 primi,
314 802 405 872 iqui
445 824 563 872 prae
603 807 708 855 aliis
746 808 985 856 tributum
1023 807 1307 869 conferunt,
1362 808 1636 872 quibusque
1678 808 1852 872 reliqui
1893 808 1943 856 in

104 890 332 939 omnibus
359 890 718 957 obtemperant.

246 1058 343 1102 Καὶ
374 1056 420 1102 οἱ
450 1054 774 1118 δημοποίητοι
805 1054 1148 1121 ἐγγράφονται
1178 1056 1247 1109 εἰς
1274 1052 1361 1110 τας
1389 1057 1683 1118 συμμορίας.

1082 1140 1462 1204 (Harpocratio:
1503 1140 1800 1200 συμμορία.)

963 1246 1078 1293 913.

246 1343 406 1391 Etiam
434 1343 629 1391 civitate
659 1341 826 1391 donati
852 1342 1189 1390 inscribuntur
1215 1341 1266 1388 in
1294 1343 1599 1406 symmorias.

962 1448 1077 1496 914.

242 1547 313 1592 Δι
331 1543 445 1612 άγρ
462 1564 535 1607 αμ
549 1543 636 1609 μα’
676 1548 777 1592 ἐστι
817 1540 874 1591 τὸ
916 1541 1226 1606 ταττόμενον
1265 1547 1320 1591 ἐν
1345 1551 1454 1599 ταῖς
1483 1545 1786 1607 συμμορίαις
1813 1537 1944 1592 ὁπό-

101 1644 193 1675 σον
219 1632 438 1676 ἕκαστον
465 1623 628 1692 ἄνδρα
655 1630 903 1690 εἰσφέρειν
931 1624 1016 1676 δεῖ.
1077 1625 1317 1674 Τάττεται
1356 1626 1404 1674 δὲ
1436 1624 1495 1675 οὐ
1527 1626 1583 1675 τὸ
1614 1624 1742 1676 αὐτὸ
1772 1627 1941 1685 πᾶσιν,

101 1708 232 1758 ἄλλα
263 1710 383 1775 πρὸς
408 1710 502 1771 τήν
530 1714 732 1775 τίμησιν
756 1710 841 1769 τῆς
870 1707 1063 1764 οὐσίας.

242 1799 311 1843 Ac
330 1814 359 1842 α
376 1814 447 1862 γρ
463 1814 493 1842 α
510 1815 547 1856 φ
565 1816 585 1843 ε
602 1794 659 1850 υς
692 1798 869 1859 μέντοι
897 1798 1033 1842 ἐστὶν
1061 1788 1087 1841 ὂ
1117 1792 1497 1857 καθιστάμενος
1525 1797 1580 1841 ἐν
1609 1801 1714 1850 ταῖς
1742 1811 1942 1859 συμμο-

100 1881 227 1942 ρίαις
255 1883 334 1927 ἐπὶ
361 1878 434 1943 τῷ
473 1878 730 1943 διακρῖναι
771 1878 931 1929 πόσον
970 1883 1179 1933 ἕκαστος
1220 1876 1346 1942 ἀνὴρ
1387 1881 1696 1946 εἰσενεγκεῖν
1734 1876 1942 1939 ὀφείλει.

1399 1964 1798 2030 (Harpocratio.)

963 2037 1078 2086 914.

240 2132 521 2199 Descriptio
563 2140 635 2180 est
673 2140 911 2181 statutum
955 2134 1194 2181 tributum
1217 2171 1226 2192 ,
1280 2132 1408 2196 quod
1450 2149 1847 2197 unumquemque
1887 2133 1936 2179 in

98 2217 373 2283 symmoriis
402 2217 624 2265 conferre
653 2224 863 2282 oportet.
917 2217 1030 2265 Non
1071 2225 1236 2266 autem
1272 2217 1404 2264 idem
1443 2217 1682 2264 tributum
1710 2216 1936 2264 omnibus

99 2300 391 2366 imperatur,
430 2300 512 2349 sed
545 2300 650 2348 aliis
678 2299 811 2348 aliud
838 2317 929 2363 pro
957 2316 1106 2347 censu
1135 2300 1440 2348 facultatum.

240 2384 530 2448 Descriptor
556 2392 719 2431 autem
747 2391 846 2444 est,
884 2383 966 2447 qui
1004 2383 1055 2431 in
1082 2385 1357 2450 symmoriis
1385 2382 1722 2440 constituitur,
1765 2390 1817 2430 ut
1844 2388 1936 2429 sta·

97 2474 228 2528 tuat,
271 2475 508 2531 quantum
535 2468 739 2533 quisque
766 2467 988 2515 conferre
1016 2467 1207 2516 debeat.

956 2574 1072 2623 915.

243 2670 301 2716 Oi
331 2671 596 2735 στρατηγοὶ
623 2667 971 2735 ἐγγράφουσιν
1000 2671 1069 2725 εἰς
1097 2670 1398 2732 συμμορίαν.

927 2754 1208 2814 (Demosth=
1239 2753 1348 2800 adv.
1380 2752 1550 2799 Boeot.
1580 2752 1616 2812 Ι,
1648 2752 1794 2809 997.)

957 2863 1074 2911 915.

240 2947 568 3010 Imperatores
594 2945 872 2995 inscribunt
897 2947 948 2994 in
976 2945 1305 3012 symmoriam.

244 3144 318 3193 Τὰ
365 3145 768 3214 διαγεγραμμένος
814 3146 1066 3211 τιμήματα
1108 3152 1212 3200 ταῖς
1252 3146 1551 3207 συμμορίαις
1578 3183 1591 3202 ,
1648 3140 1774 3192 ὅταν
1814 3141 1933 3203 δόξῃ

98 3229 166 3291 τῷ
196 3228 334 3294 δὴμῳ
353 3230 564 3294 χρῄζειν
592 3229 882 3292 προσθήκης
910 3228 939 3289 ἢ
966 3229 1288 3292 ἀφαιρέσεως,
1307 3231 1397 3276 καὶ
1424 3231 1632 3276 ἕλωνται
1660 3227 1780 3284 τούς
1811 3226 1933 3274 τοῦ-

99 3331 156 3359 το
185 3311 461 3377 πράξοντας
479 3351 489 3371 ,
526 3312 681 3361 τοῦτο
710 3309 741 3358 ἁ
759 3331 789 3360 ν
804 3333 834 3361 α
851 3312 923 3361 σύ
944 3333 970 3361 ν
990 3334 1011 3359 τ
1030 3331 1059 3359 α
1076 3319 1100 3370 ξ
1117 3331 1130 3359 ι
1150 3331 1178 3360 ν
1206 3312 1469 3361 καλοῦσιν.
1548 3313 1790 3372 (Suidas.)
