2161 3673
223 245 287 291 42
943 259 956 285 ,ι
968 258 1020 288 us
1047 253 1324 287 PUBLICUM.

1076 378 1188 426 156.

364 475 509 535 Μηδὲ
536 477 699 540 νόμον
727 480 905 533 ἐξεῖναι
935 475 1008 518 ἐπ’
1037 466 1184 532 ἀνδρὶ
1215 474 1380 520 θεῖναι
1398 507 1411 529 ,
1446 468 1537 519 ἐάν
1559 467 1630 532 μή
1658 467 1751 518 τὸν
1775 466 1941 518 αὐτόν
1966 472 2044 518 ἐπὶ

227 560 380 609 πᾶσιν
398 558 698 618 Ἀθηναίοις
725 555 871 618 τιθῇ,
913 556 1282 618 ψηφισαμένων
1315 551 1385 618 μὴ
1416 554 1629 602 ἔλαττον
1656 553 2044 615 ἑξακισχιλίων,

221 640 296 700 οἷς
321 639 389 692 ἂν
415 641 536 704 δόξῃ
561 638 792 704 κρύβδην
818 639 1200 701 ψηφιζομένοις.

709 719 987 784 (Demosth.
1014 737 1052 770 c.
1082 721 1347 770 Timocrat.
1376 720 1492 769 719.
1521 720 1624 769 Lex
1652 719 1904 780 Solonis.).

1075 828 1190 878 156.

357 915 525 979 Neque
552 914 604 961 in
630 912 773 961 unius
799 912 891 960 viz-i
929 910 1141 974 gratiam
1179 911 1344 975 legem
1381 909 1506 960 ferre
1544 909 1711 971 liceat,
1751 911 1844 959 nisi
1870 910 2044 959 eadem

219 999 280 1048 ad
309 1013 476 1047 omnes
504 993 829 1045 Athenienses
869 994 1108 1060 pertinet,
1159 994 1252 1042 nisi
1280 994 1476 1043 decreto
1503 993 1635 1042 facto
1661 1011 1690 1042 a
1714 1012 1817 1043 non
1844 994 2044 1060 paucio-

216 1083 348 1132 ribus
374 1096 521 1146 quam
547 1095 632 1128 sex
659 1078 889 1141 millibus,
906 1077 1081 1144 quibus
1095 1076 1144 1126 id
1160 1078 1319 1127 visum
1344 1077 1492 1127 fuerit
1513 1076 1640 1126 clam
1655 1076 2046 1127 decernentibus.

1073 1183 1187 1233 157.

354 1275 735 1327 Πολιτεύεσθαι
766 1274 1085 1336 Ἀθηναίους
1125 1274 1259 1324 κατὰ
1293 1273 1354 1324 τὰ
1385 1274 1594 1340 πάτρια,
1635 1274 1811 1340 νόμοις
1839 1274 1889 1324 δὲ
1909 1275 2042 1339 χρῆ-

216 1368 338 1412 σθαι
364 1368 469 1418 τοῖς
488 1360 758 1419 Σόλωνος,
798 1363 889 1409 καὶ
922 1363 1120 1424 μέτροις
1155 1363 1245 1407 καὶ
1285 1363 1563 1423 σταθμοῖς,
1600 1358 1832 1423 χρῆσθαι
1872 1356 1921 1407 δὲ
1956 1361 2046 1406 καὶ

215 1454 318 1503 τοῖς
344 1443 639 1509 Δράκοντος
668 1448 904 1508 θεσμοῖς,
933 1440 1106 1507 οἷσπερ
1132 1441 1402 1507 ἐχρώμεθα
1429 1447 1485 1492 ἐν
1510 1441 1580 1508 τῷ
1608 1440 1834 1506 πρόσθεν
1852 1440 2046 1506 χρόνῳ.

207 1526 448 1578 ςΟπόσων
474 1527 518 1576 δ’
545 1524 615 1577 ἄν
642 1525 883 1591 προσδέῃ,
925 1525 1028 1575 οἵδε
1066 1522 1304 1590 ᾑρηιιένοι
1347 1529 1627 1590 νομοθέται
1668 1520 1772 1575 ὑπὸ
1805 1524 1890 1584 τῆς
1914 1526 2046 1589 βου-

217 1612 300 1671 λῆς
326 1610 712 1679 ἀναγράφοντες
738 1614 792 1659 ἐν
820 1612 1021 1659 σανίσιν
1059 1613 1369 1659 ἐκτιθέντων
1409 1606 1530 1675 πρὸς
1567 1608 1686 1665 τούς
1718 1606 2045 1672 ἐπωνύμους,

217 1702 429 1745 σκοπεῖν
452 1693 525 1759 τῷ
551 1696 880 1758 βουλομένῳ,
920 1696 1009 1741 καὶ
1050 1690 1435 1757 παραδιδόντων
1473 1699 1579 1749 ταῖς
1619 1689 1798 1756 ἀρχαῖς
1836 1695 1893 1741 ἐν
1919 1689 2046 1757 τῴδε-

217 1778 285 1843 τῷ
306 1781 444 1842 μηνί.
500 1775 632 1833 Τούς
660 1775 709 1825 δὲ
737 1774 1167 1840 παραδιδομένους
1205 1774 1395 1840 νόμους
1434 1773 1760 1840 δοκιμασάτω
1800 1772 2045 1839 πρότερον

218 1857 243 1921 ἦ
271 1859 431 1926 βουλή
460 1864 550 1909 καὶ
579 1862 627 1909 οἱ
654 1864 931 1925 νομοθέται
959 1861 1005 1908 οἱ
1033 1857 1375 1918 πεντακόσιοι,
1405 1854 1495 1917 οὓς
1523 1861 1570 1908 οἱ
1593 1857 1800 1923 δημόται
1827 1861 2045 1918 εἵλοντο,

216 1942 380 2003 ἐπειδὴ
411 1942 756 2009 ὀμωμόκασιν.
802 1942 1023 2004 Ἐξεῖναι
1064 1943 1113 1994 δὲ
1152 1947 1242 1993 καὶ
1283 1941 1457 2007 ἰδιώτῃ
1496 1943 1566 2009 τῷ
1605 1945 1930 2009 βουλομένῳ,
1971 1946 2046 1992 εἰ-

217 2026 373 2076 σιόντι
402 2030 470 2084 εἰς
496 2026 590 2087 τὴν
614 2026 812 2092 βουλὴν
839 2026 1206 2091 συμβουλεύειν
1233 2023 1262 2076 ὅ
1287 2047 1333 2076 τι
1360 2023 1429 2076 ἂν
1455 2024 1666 2095 ἀγαθὸν
1693 2028 1784 2091 ἔχῃ
1811 2030 1920 2091 περὶ
1945 2025 2048 2076 τῶν

217 2108 400 2174 νόμιον.
446 2108 688 2160 Ἐπειδὰν
726 2109 776 2160 δὲ
817 2109 1038 2160 τεθῶσιν
1075 2113 1123 2159 οἱ
1161 2109 1342 2175 νόμοι,
1390 2113 1727 2175 ἐπιμελείσθω
1767 2104 1793 2169 ἢ
1821 2108 1984 2175 βουλὴ
2016 2106 2042 2169 ἧ

217 2197 266 2251 ἐξ
298 2191 503 2257 Ἀρείου
544 2191 712 2261 πάγου
749 2192 851 2242 τῶν
888 2191 1088 2257 νόμων,
1131 2190 1263 2251 ὅπως
1302 2190 1371 2243 ἂν
1409 2196 1459 2242 αἱ
1486 2190 1640 2258 ἀρχαὶ
1666 2198 1770 2249 τοῖς
1796 2197 2048 2257 κειμένοις

219 2274 393 2340 νόμοις
424 2276 667 2341 χρῶνται.
725 2273 858 2333 Τούς
900 2274 948 2326 δὲ
987 2280 1335 2340 κυρουμένους
1372 2275 1475 2325 τῶν
1512 2274 1687 2340 νόμων
1724 2273 2046 2345 ἀναγράφειν

221 2361 289 2414 εἰς
316 2356 408 2408 τὸν
433 2366 642 2422 τοῖχον,
669 2361 755 2409 ἵνα
782 2379 870 2424 περ
897 2356 1140 2424 πρότερον
1166 2356 1554 2427 ἀνεγράφησαν,
1583 2366 1795 2408 σκοπεῖν
1819 2359 1893 2424 τῷ
1916 2361 2046 2424 βου-

222 2445 427 2508 λομένῳ.
962 2442 1228 2505 (Andocid.
1257 2444 1316 2494 de
1343 2452 1539 2510 myster.
1567 2441 1609 2510 ξ.
1638 2444 1905 2506 83—84.).

1082 2550 1193 2599 157.

363 2634 686 2685 Athenienses
712 2635 1067 2701 rempublicam
1098 2642 1275 2697 gerant
1311 2633 1575 2684 secundum
1602 2635 1721 2684 ritus
1747 2635 1958 2701 patrios,
2001 2643 2049 2685 et

223 2714 414 2763 Solonis
440 2726 636 2767 utantur
662 2718 855 2782 legibus
882 2724 931 2766 et
956 2717 1194 2766 mensuris
1222 2717 1646 2783 ponderibusque,
1687 2726 1887 2768 utantur
1926 2736 2045 2785 quo-

224 2815 316 2862 que
344 2799 637 2849 thesmorum
665 2819 693 2851 a
725 2802 955 2850 Dracone
994 2801 1266 2866 positorum
1303 2802 1385 2861 iis,
1428 2801 1602 2866 quibus
1638 2801 1844 2851 antehac
1870 2802 1943 2851 usi
1969 2820 2046 2851 su-

223 2897 345 2928 mus.
399 2881 723 2949 Quascunque
751 2890 915 2932 autem
940 2901 1094 2932 novas
1120 2884 1254 2947 leges
1283 2883 1425 2932 condi
1458 2902 1573 2933 usus
1600 2884 1750 2945 ferat,
1790 2883 2046 2933 nomothe-

223 2969 300 3010 tae
340 2980 368 3010 a
393 2972 567 3012 senatu
605 2965 715 3015 lecti
756 2984 837 3015 eas
875 2966 926 3014 in
964 2965 1145 3015 tabulis
1183 2966 1543 3030 perscribentes
1582 2984 1748 3017 coram
1774 2967 2048 3033 Eponymis

224 3054 509 3110 exponunto
536 3047 596 3095 ad
623 3048 1053 3114 contemplandum
1078 3049 1264 3098 volenti
1291 3050 1490 3113 cuique,
1527 3058 1573 3098 et
1605 3050 1796 3099 senatui
1821 3050 1915 3100 hoc
1941 3051 2047 3115 ipso

224 3145 392 3177 mense
420 3129 662 3178 tradunto.
713 3132 941 3181 Traditas
982 3140 1142 3181 autem
1181 3131 1274 3189 sibi
1311 3132 1446 3194 leges
1484 3141 1682 3181 senatus
1717 3133 1851 3198 prius
1879 3133 2045 3199 explo-

225 3219 330 3260 rato
358 3219 406 3261 et
443 3212 747 3276 legislatores
787 3217 1043 3280 quingenti
1081 3234 1110 3265 a
1147 3215 1468 3281 popularibus
1506 3233 1596 3281 per
1637 3216 1803 3265 demos
1844 3216 2046 3277 delecti,

225 3300 482 3358 postquam
510 3304 816 3344 sacramento
843 3298 1001 3347 adacti
1029 3298 1234 3348 fuerint:
1273 3297 1357 3346 sed
1397 3305 1445 3347 et
1482 3299 1674 3363 privato
1700 3299 1873 3364 cuique
1900 3299 2047 3349 liceto

226 3376 408 3425 volenti
447 3377 496 3426 in
536 3386 760 3428 senatum
800 3379 1006 3443 intrare,
1047 3389 1095 3431 et
1129 3383 1314 3432 bonum
1353 3382 1391 3429 si
1418 3381 1534 3448 quid
1561 3380 1741 3432 habeat
1767 3380 1826 3430 de
1854 3381 2045 3450 legibus
