2114 3642
131 226 234 273 454
577 235 983 269 ('031x1ENTARi[5
1013 232 1079 261 An
1112 229 1190 262 235.
1222 230 1302 262 236.
1333 228 1412 262 235.
1441 229 1521 262 239.

912 354 1011 408 Ad
1046 354 1198 406 235.

276 473 480 523 Aetatae
508 470 696 518 mediae
724 467 803 515 vel
825 466 928 531 jam
957 480 1114 512 novae
1143 464 1428 513 comoediae
1466 464 1567 512 lata
1594 464 1699 525 lex,
1743 469 1795 511 ut¹
1822 480 1974 528 appa-

134 565 208 608 ret
234 575 258 606 e
287 556 451 605 verbis
479 550 763 602 Menandri:
803 544 937 595 κατὰ
966 543 1130 609 νόμον
1158 542 1346 594 καινόν
1372 564 1501 596 τινα.

914 688 1014 742 Ad
1043 688 1195 741 236.

276 802 555 868 Hesychius
582 820 625 851 v.
656 797 1036 853 Πλάτανος·
1077 794 1318 860 δένδρον,
1362 793 1484 859 πρὸς
1523 790 1552 844 ὃ
1583 797 1630 844 οἱ
1658 793 1976 863 γυναικονό-

128 908 217 954 μοι
257 883 343 941 τάς
383 885 558 947 ζημίας
598 887 655 932 ἐν
697 880 984 945 λευκώματι
1012 882 1322 940 ἐξετίθεσαν.
1389 882 1679 943 (Platanus,
1729 881 1878 930 arbor
1914 881 1976 931 ad

133 990 280 1039 quam
319 969 679 1036 gynaeconomi
720 968 926 1018 mulctas
967 967 1017 1015 in
1057 966 1228 1015 tabula
1267 966 1382 1015 albo
1412 965 1573 1014 colore
1599 965 1801 1015 inducta
1828 982 1975 1031 expo-

134 1056 357 1115 nebant.)

272 1138 405 1188 Hinc
442 1136 638 1186 videtur
675 1149 1095 1200 gynaecocosmos
1133 1147 1233 1180 non
1273 1130 1423 1181 fuisse
1465 1131 1690 1181 diversos
1728 1149 1757 1180 a
1789 1148 1975 1198 gynae-

132 1239 365 1272 cononns.

274 1305 419 1372 Apud
447 1304 753 1371 Hesychium
779 1309 1039 1352 occurrunt
1067 1301 1210 1350 etiam
1254 1301 1299 1346 T
1308 1317 1328 1346 ε
1338 1318 1377 1361 μ
1395 1318 1428 1344 π
1445 1316 1471 1345 0
1489 1296 1518 1345 ῦ
1537 1316 1563 1361 ρ
1580 1316 1606 1344 0
1623 1317 1637 1344 ι
1655 1318 1668 1344 .·
1709 1294 1838 1361 ἀρχὴ
1867 1301 1976 1347 ἐπι-

127 1391 413 1453 μελουμένη
451 1385 535 1445 τῆς
574 1384 677 1433 τῶν
715 1385 983 1452 γυναικῶν
1023 1381 1319 1446 εὐκοσμίας.
1385 1383 1768 1447 (Magistratus,
1810 1401 1978 1433 curam

131 1491 308 1539 gerens
337 1473 589 1522 decentiae
615 1472 916 1530 mulierum.)

277 1567 652 1619 Lacedaemone
693 1583 887 1632 quoque
930 1572 1069 1615 erant
1114 1564 1431 1627 magistratus
1472 1563 1669 1628 quidam
1711 1579 1858 1629 super
1897 1563 1977 1612 de-

133 1671 244 1704 core
287 1653 605 1712 feminarum,
646 1649 944 1715 Harmosyni
986 1647 1266 1712 nuncupati.
1335 1646 1637 1712 (Hesych,
1688 1665 1722 1695 s.
1764 1666 1810 1696 v.
1851 1640 1979 1710 ‘AQ-

130 1735 393 1801 μόσυνοι).
918 1801 1017 1854 Ad
1053 1801 1180 1854 238

276 1914 722 1981 Harpocratio
753 1918 800 1961 et
829 1911 1068 1961 Suidas
1103 1929 1138 1960 s.
1168 1930 1212 1959 v.
1248 1905 1588 1965 Ἐπίσκοποςε
1618 1910 1714 1971 Qui
1741 1911 1802 1959 ab
1831 1909 1978 1960 Athe-

134 2000 389 2050 niensibus
415 1999 465 2047 in
493 1996 640 2046 urbes
679 1997 923 2057 subjectas
964 1994 1317 2055 mittebantur,
1359 2001 1413 2042 ut
1441 2011 1521 2042 eas
1549 2011 1652 2054 res,
1695 2011 1817 2059 quae
1846 1994 1894 2042 111
1923 1994 1980 2042 iis

134 2091 447 2150 gererentur,
496 2081 821 2146 inspicerent,
872 2080 1143 2126 ἐπίσκοποι
1198 2087 1244 2128 et
1295 2074 1522 2138 φύλακες
1574 2078 1980 2144 appellabant-ur3

137 2187 258 2234 quos
286 2165 663 2217 Lacedaemonii
693 2164 939 2213 vocabant
979 2164 1026 2212 H
1042 2182 1070 2212 a
1085 2182 1170 2211 rm
1188 2182 1214 2212 0
1231 2170 1330 2211 sta
1345 2181 1380 2211 s.

277 2263 407 2312 Hinc
434 2269 644 2329 apparet
670 2261 964 2314 ἐπισκέπτας
994 2267 1042 2308 et
1067 2255 1376 2313 ἐπισκόπους
1404 2276 1554 2308 unum
1578 2259 1802 2323 idemque
1832 2259 1978 2324 signi-

137 2350 323 2398 ficasse.

280 2442 539 2492 Suidas:
573 2437 1085 2507 Ἐπιγνώμονας
1120 2435 1235 2487 ἀντὶ
1264 2436 1360 2486 τοῦ
1394 2434 1825 2493 ἐπισκόπους.

923 2581 1022 2634 Ad
1051 2582 1202 2634 239.

285 2693 560 2743 Scholiasta
611 2700 777 2742 tamen
828 2692 1032 2741 adnotat
1083 2691 1144 2740 ad
1195 2691 1325 2739 hunc
1365 2689 1710 2757 Aristophanis
1760 2708 1980 2740 versum:

143 2773 362 2823 ῙΙλάττει
390 2773 579 2833 καινὴν
606 2772 798 2838 ἀρχὴν·
836 2771 898 2822 οὐ
929 2772 1023 2840 γάρ
1056 2769 1116 2831 ἦν
1137 2770 1402 2831 Ἀθήνησι.
1453 2776 1647 2839 (Fingit
1674 2792 1856 2823 novum
1883 2791 1981 2822 ma-

144 2861 431 2924 gistratum3
470 2878 570 2909 11011
598 2861 755 2909 fuerat
784 2860 913 2908 enim
940 2857 1146 2907 Athenis
1175 2859 1411 2924 ejusmodi
1441 2859 1799 2923 magistratus)

286 2954 430 3019 Apud
458 2956 874 3005 Lacedaemonios
902 2954 1208 3003 vocabantur
1237 2954 1283 3000 H
1305 2972 1432 3002 arm
1449 2973 1475 3002 0
1493 2961 1589 3002 sta
1606 2971 1646 3013 e,
1674 2953 1755 3017 (1111
1781 2953 1842 3001 ad
1870 2954 1980 3002 sub-

145 3039 271 3088 ditas
299 3038 366 3085 eis
392 3039 537 3087 urbes
566 3056 662 3103 qua
688 3039 923 3105 praefecti
952 3038 1298 3097 mittebantur,
1342 3043 1394 3084 ut
1433 3043 1575 3101 aptos
1616 3035 1829 3084 facerent
1867 3037 1980 3085 sub-

137 3123 298 3187 jectos
325 3122 592 3170 secundum
620 3123 756 3186 leges
785 3121 998 3170 vivendi.
1039 3120 1378 3180 (Maximus
1413 3120 1476 3167 in
1505 3119 1714 3183 Diony
1732 3138 1765 3166 s.
1795 3117 1911 3167 Are
1931 3138 1991 3168 o-·

146 3222 280 3271 pag.
309 3203 367 3251 de
395 3202 630 3252 hierarch.
661 3205 831 3252 eccles
863 3221 968 3269 cap.
998 3203 1072 3263 3.)

288 3298 450 3347 LexiC.
491 3297 688 3361 Seguer.
729 3321 774 3368 p.
805 3302 900 3349 211
924 3322 933 3350 :
965 3295 1122 3363 ‘AQflt
1141 3320 1167 3345 ο
1185 3297 1292 3358 arr)
1317 3321 1336 3355 ς
1378 3296 1508 3362 παρά
1549 3296 1980 3360 Λακεδαιμονίοις

148 3385 377 3432 ἐκαλεῖτο
405 3374 432 3429 ὁ
462 3380 837 3444 ἐκπεμπόμενος
875 3379 1163 3446 ἐπιμελητής
1203 3385 1271 3437 εἰς
1309 3377 1542 3441 ὑπήκοον
1569 3379 1718 3430 πόλιν
1746 3379 1980 3445 φούραρ-
