2114 3642
656 192 1061 224 COMMENTAfflus
1089 190 1157 221 AD
1186 189 1266 223 551.
1296 189 1376 223 553.
1405 190 1486 222 555.
1889 176 1990 224 485

291 317 681 366 Lacedaemonio
710 325 873 365 autem
903 336 962 364 ne
991 318 1201 382 spoliare
1242 318 1438 382 quidem
1475 317 1693 365 occisum
1719 317 1906 366 hostem
1936 319 1989 366 li-

145 400 301 448 cebat.
345 399 790 459 (Aelian.Va1·.
820 400 962 447 hist.
993 400 1078 457 VI,
1110 401 1154 457 6,
1187 403 1259 459 5.)

288 483 544 549 Lycurgus
572 483 825 547 praecepit
851 482 1279 541 Lacedaemoniis,
1320 492 1371 530 ut
1411 483 1450 530 si
1478 482 1667 547 proelio
1697 481 1890 530 hostem
1917 484 1986 530 fu-

145 565 329 614 dissent
357 584 413 614 ae
444 567 701 625 vicissent,
731 567 972 630 tantisper
999 567 1143 613 modo
1171 567 1550 630 insequerentur
1577 566 1844 629 fugientes,
1873 566 1988 614 dum

142 649 397 698 victoriam
425 649 824 702 constabilirent,
870 649 1046 697 deinde
1086 650 1252 697 statim
1286 667 1336 697 se
1366 649 1670 714 reciperent:
1714 666 1811 698 non
1840 649 1986 697 modo

143 733 256 795 quia
282 731 636 781 Graecanicum
665 749 762 779 non
793 740 917 780 esset
945 732 1174 780 cedentes
1202 733 1492 787 interficere,
1519 732 1604 781 sed
1632 743 1679 780 et
1705 731 1833 780 utilis
1863 732 1984 780 haec

139 815 289 863 ratio:
329 815 495 863 hostes
535 815 666 863 enim
706 815 744 862 si
787 815 968 863 scirent
1007 815 1294 863 cedentibus
1336 816 1497 879 parci,
1541 823 1876 880 repugnantes
1904 832 1983 863 oc-

141 897 235 945 cidi
258 936 268 957 ,
322 898 493 960 fugam
542 915 713 962 pugna
763 898 1010 946 utiliorem
1062 898 1155 945 sibi
1207 897 1539 946 arbitraturos'.
1607 898 1979 959 (Plutarch.

139 978 613 1046 Apophthegm.
644 981 872 1030 Lacon.
900 981 1112 1046 Lycurg.
1141 980 1222 1028 30.
1250 998 1297 1045 p.
1325 980 1474 1040 229.)

920 1119 1019 1172 Ad
1059 1121 1198 1172 551.

278 1230 525 1296 Tempore
552 1231 809 1282 Aeschinis
829 1232 937 1297 jam
963 1231 1185 1280 obsoleta
1210 1231 1302 1280 lex.

920 1371 1019 1424 Ad
1047 1372 1199 1424 553.

280 1481 421 1546 Apud
443 1482 861 1532 Lacedaemonios
890 1484 971 1547 qui
999 1490 1194 1531 strenue
1223 1494 1528 1547 pugnassent
1557 1490 1602 1530 et
1631 1481 1977 1530 occubuissent

133 1566 263 1614 oliva
291 1574 337 1614 et
365 1567 469 1613 aliis
496 1568 640 1614 ramis
669 1567 905 1622 redimiti,
946 1567 1173 1614 laudibus
1202 1566 1519 1614 ferebantur:
1561 1565 1642 1629 qui
1674 1583 1790 1612 vero
1818 1563 1970 1613 omni-

131 1648 221 1696 bus
249 1650 461 1697 numeris
501 1651 780 1698 absolutam
820 1651 1052 1697 virtutem
1092 1649 1478 1713 praestitissent,
1519 1649 1548 1695 ii
1580 1648 1755 1703 etiam,
1795 1648 1976 1712 injecta

128 1731 224 1779 illis
251 1740 386 1780 veste
415 1733 648 1797 punicea,
688 1734 900 1797 gloriose
930 1732 1310 1797 sepeliebantur.
1352 1731 1623 1791 (Aelian.
1653 1730 1795 1779 Var.
1831 1730 1973 1777 hist.

131 1814 217 1873 VI,
248 1815 291 1873 6,
321 1815 393 1873 6.)

272 1898 451 1946 Rhodii
491 1898 841 1957 decreverunt,
884 1917 958 1956 se,
1000 1898 1081 1962 qui
1108 1898 1157 1944 in
1184 1898 1315 1946 bello
1341 1898 1676 1962 oppetissent‚
1718 1897 1972 1962 sepultura

130 1981 324 2045 publica
352 1980 722 2037 honesta-turos,
766 1991 1089 2045 parentesque
1127 1997 1182 2028 ac
1210 1980 1391 2028 liberos
1418 1981 1590 2028 aerarii
1618 1980 1855 2045 impensis
1882 1979 1967 2027 ali-

129 2071 289 2123 turos,
332 2072 378 2111 et
417 2064 689 2125 virginibus
729 2063 893 2111 dotem
932 2072 1221 2125 erogaturos
1261 2081 1284 2109 e
1326 2063 1551 2127 public0,
1608 2062 1830 2126 filiosque
1862 2063 1969 2127 jam

127 2146 316 2195 adultos
353 2146 746 2195 Bacchanalibus
783 2147 834 2195 in
874 2147 1065 2195 theatro
1105 2148 1300 2210 integra
1344 2155 1591 2194 armatura
1631 2153 1967 2194 coronaturos.

128 2229 412 2288 (Diodor.
441 2231 551 2290 XX,
582 2230 663 2291 84,
694 2231 767 2290 3.)

270 2409 644 2455 ,Πεντακοσίων
669 2410 824 2470 adjeci
852 2426 876 2457 e
905 2409 1132 2466 Polluce,
1174 2409 1255 2473 qui
1285 2408 1449 2468 (VIII,
1482 2408 1610 2468 123)
1639 2409 1760 2457 haec
1786 2408 1964 2455 habet:

117 2483 191 2535 cH
218 2483 389 2547 ἡλιαία
417 2487 465 2537 δὲ
494 2493 870 2538 πεντακοσίων·
899 2493 946 2537 εἰ
971 2491 1019 2537 δὲ
1041 2493 1230 2551 χιλίων
1259 2488 1360 2537 δέοι
1391 2488 1662 2547 δικαστῶν,
1692 2491 1964 2537 συνίστατο

126 2569 217 2619 δύο
246 2569 566 2634 δικαστήρια·
606 2576 653 2621 εἰ
679 2572 726 2621 δὲ
757 2577 1110 2621 πεντακοσίων
1136 2577 1225 2620 καί
1247 2576 1463 2634 χιλίων,
1506 2574 1634 2634 τρία.

268 2657 429 2706 Sohol.
457 2659 506 2705 in
533 2659 785 2707 Demosth.
815 2660 1077 2707 Timocrat.
1108 2659 1222 2715 702,
1253 2658 1339 2705 24:
1362 2653 1454 2703 Ἐν
1481 2663 1584 2710 τοῖς
1606 2653 1845 2722 μεγάλοις
1871 2659 1960 2702 και

124 2739 548 2800 ἐσπουδασμένοις
588 2738 836 2806 πράγμασι
879 2738 1195 2801 συνήρχοντο
1224 2744 1283 2787 ἐκ
1312 2738 1404 2787 δύο
1433 2738 1797 2801 δικαστηρίων,
1838 2743 1962 2797 πλη-

125 2822 330 2885 ρουντὸς
358 2820 585 2884 ἀριθμὸν
604 2826 793 2884 χιλίων
819 2827 907 2871 καί
938 2822 1060 2879 ἑνός.
1104 2821 1198 2871 Δια
1225 2821 1382 2870 τοῦτο
1411 2821 1458 2869 δὲ
1489 2816 1515 2867 ὅ
1544 2820 1612 2878 dg
1638 2825 1961 2884 προςετίθετο

125 2904 201 2953 ἀεὶ
228 2913 332 2961 τοῖς
366 2904 653 2962 δικασταῖς,
694 2908 779 2953 ἵνα
817 2904 887 2968 μή
931 2906 1053 2953 ἴσων
1094 2909 1381 2971 γενοιιιένων
1418 2903 1520 2952 τῶν
1559 2903 1750 2969 ψήφων
1777 2909 1827 2963 ἐξ
1857 2905 1960 2962 ἴσης

127 2986 421 3036 ἀπέλθωσιν
449 2989 492 3035 οἱ
537 2986 894 3051 δικαζόμενοι,
937 2985 1045 3035 ἀλλ’
1073 2991 1267 3042 ἐκεῖνος
1302 2986 1420 3048 δόξῃ
1452 2987 1631 3051 νικᾷν,
1675 2981 1713 3052 (ᾗ
1742 2984 1808 3036 ἂν
1836 2983 1862 3037 ὁ
1894 2985 1959 3043 εἷς

128 3070 388 3133 προςτεθῇ.
442 3075 525 3131 (In
564 3074 731 3136 magni
767 3075 1000 3123 momenti
1028 3073 1239 3136 negotiis
1267 3073 1595 3121 conveniebat
1622 3092 1646 3122 e
1674 3075 1861 3122 duobus
1890 3073 1957 3120 di-

125 3158 341 3204 casteriis
381 3157 509 3204 mille
549 3164 596 3204 et
629 3175 767 3205 unus.
819 3158 936 3206 Ideo
977 3165 1139 3204 autem
1180 3156 1450 3204 addebatur
1488 3175 1681 3222 semper
1709 3156 1957 3222 judicibus

126 3255 250 3285 unus
269 3277 278 3290 ,
319 3258 378 3286 ne
414 3238 602 3302 aequali
645 3240 936 3288 calculorum
975 3257 1176 3286 nurnero
1205 3240 1452 3301 litigantes
1481 3241 1669 3304 aequali
1700 3240 1843 3287 modo
1872 3238 1954 3285 ab·

125 3321 264 3381 irent,
294 3322 376 3370 sed
403 3323 483 3370 illc
512 3321 758 3369 videret-ur
784 3323 996 3382 vincere,
1026 3322 1100 3370 cui
1127 3321 1347 3370 illeunus
1363 3340 1502 3372 suum
1530 3323 1717 3371 dederit-
1744 3324 1955 3381 votum.)
