2114 3642
658 227 1065 263 COMMENTARIUS
1098 231 1161 261 An
1191 229 1272 263 901.
1301 231 1381 263 904.
1849 217 1944 264 531

245 354 391 404 Anno
429 356 548 404 17-0
589 356 706 403 belli
746 357 1149 421 peloponnesiaci
1179 357 1505 406 Athenienses
1545 357 1714 405 tributi
1741 359 1849 406 loco
1877 360 1946 407 vi-

101 436 336 499 gesimam
376 439 606 487 mercium
646 438 769 486 mari
809 440 1183 504 importatarum
1224 443 1419 505 populis
1459 441 1662 505 imperio
1703 458 1791 488 suo
1833 442 1946 490 sub-

95 520 242 583 jectis
282 521 617 586 imperabant,
658 530 711 569 ut
750 522 866 569 dicit
893 523 1210 587 Thucydides
1241 524 1378 583 (VII,
1409 525 1528 583 28):
1575 519 1678 580 Τὴν
1704 519 1947 580 εἰκοστήν

101 600 203 648 τῶν
240 601 373 649 κατά
422 601 688 650 θάλασσαν
727 600 841 650 ἀντὶ
881 603 972 650 τοῦ
1021 603 1187 666 φόρου
1233 611 1335 660 τοῖς
1385 600 1631 663 ὑπηκόοις
1682 606 1941 663 ἐποίησαν.

102 685 325 750 Contigit
352 687 443 735 hoc
471 686 780 752 Olympiadis
809 688 958 736 91-ae
985 705 1113 735 anno
1144 690 1243 736 4-0.

242 770 522 817 Boeckhius
550 769 692 818 docet
721 771 931 829 (Oecou.
963 771 1095 835 publ.
1131 771 1300 820 Athen.
1343 775 1377 832 l,
1408 792 1451 838 p.
1482 775 1610 832 433)
1656 774 1944 836 vigesimam

100 853 224 900 hanc
250 870 347 900 non
375 853 425 900 in
454 853 685 911 Piraeeo,
726 854 812 901 sed
852 856 900 901 iu
942 855 1183 903 sociorum
1212 856 1352 904 terris
1382 876 1408 903 a
1437 857 1830 921 redemptoribus
1860 876 1943 906 ex-

99 942 258 982 actam
285 952 405 983 esse.

242 1019 566 1067 Nihilominus
594 1020 819 1067 nonnulli
848 1013 1066 1076 ὑπηκόοι
1110 1039 1255 1086 porro
1298 1039 1491 1085 quoque
1519 1023 1759 1070 tributum
1785 1023 1943 1071 solve-

99 1101 244 1163 bant,
284 1118 397 1149 nam
425 1102 705 1167 Xenophon
746 1103 864 1150 dicit
905 1104 1061 1163 (Hell.
1093 1106 1127 1163 I,
1158 1104 1203 1163 3,
1233 1105 1317 1163 9):
1362 1098 1623 1150 ὑποτελεῖν
1656 1102 1749 1151 τὸν
1777 1102 1943 1168 φόρον

98 1182 495 1242 Χαλκηδονίους
528 1181 832 1243 Ἀθηναίοις
870 1182 1085 1249 ὅσονπερ
1113 1184 1393 1243 εἰώθεσαν,
1423 1191 1512 1235 καὶ
1540 1185 1600 1234 τά
1632 1185 1939 1249 ὀφειλόμενα

94 1265 327 1330 χρήματα
356 1264 661 1317 ἀποδοῦναι.

241 1353 350 1402 Hoc
377 1352 625 1402 decretum
656 1354 786 1401 cadit
812 1354 861 1401 in
891 1352 1086 1418 Olymp.
1117 1355 1198 1415 92,
1227 1355 1272 1402 4.

241 1436 540 1490 Indictiones
580 1443 743 1484 autem
783 1436 1080 1484 tributorum
1118 1436 1195 1495 (αἱ
1224 1433 1385 1493 τάξεις
1414 1435 1506 1483 τοῦ
1535 1434 1731 1499 φόρου)
1773 1439 1942 1503 quinto

98 1519 317 1584 quolibet
344 1537 473 1568 anno
516 1516 606 1578 (δι’
636 1518 777 1573 ἔτους
805 1520 1058 1580 πέμπτου)
1103 1523 1314 1580 fiebant,
1356 1530 1407 1569 ut
1446 1522 1564 1569 dicit
1589 1522 1867 1586 Xenophon
1893 1523 1942 1569 in

99 1601 473 1650 Atheniensium
502 1602 758 1666 republica
785 1603 871 1662 HI,
903 1605 945 1650 5.

882 1742 981 1794 Ad
1011 1744 1162 1795 904.

239 1853 383 1912 Quod
417 1854 940 1917 pentacosiomedimni
977 1853 1242 1913 talentum,
1285 1855 1472 1918 equites
1501 1853 1864 1903 semitalentum
1892 1863 1939 1903 et

97 1936 164 1984 sic
190 1954 338 2000 porro
366 1937 746 1997 contribuerint,
775 1936 822 1983 id
851 1936 1118 1984 absurdum
1157 1954 1262 1984 esse
1304 1937 1662 1986 demonstravit
1690 1937 1939 1985 Bo'ckhius

98 2019 145 2066 in
174 2019 357 2067 Oecon.
386 2019 517 2084 publ.
548 2019 721 2069 Athen.
752 2020 809 2067 Τ.
840 2021 874 2069 Ι.
904 2038 949 2092 p.
981 2020 1081 2066 645
1099 2020 1274 2068 a-689.

240 2116 297 2163 In
326 2114 518 2163 duobus
546 2122 711 2163 tamen
739 2132 838 2163 non
865 2115 991 2163 idem
1020 2116 1178 2163 sentio
1207 2132 1317 2163 cum
1347 2116 1628 2164 doctissimo
1658 2115 1775 2164 viro.

240 2197 404 2245 Primo
438 2197 552 2246 dicit
584 2199 871 2263 jugatorum
911 2205 1209 2263 proventum
1248 2199 1504 2247 minimum
1543 2216 1642 2247 non
1671 2200 1821 2248 fuisse
1849 2199 1935 2248 du—

97 2287 347 2329 centarum
375 2282 459 2329 sed
488 2281 794 2329 solummodo
825 2289 1020 2329 centum
1048 2282 1404 2346 quinquaginta
1432 2299 1793 2339 mensurarum,
1824 2283 1938 2346 quia

97 2382 120 2412 e
159 2365 281 2429 legis
321 2365 626 2430 praescripto
666 2366 1229 2430 pentacosiomedinums
1277 2366 1598 2429 quingentas,
1653 2382 1800 2429 eques
1840 2373 1934 2413 trc-

97 2455 289 2507 centas,
322 2448 525 2512 jugator
565 2454 762 2495 centum
798 2447 1156 2511 quinquaginta
1183 2448 1439 2496 drachmas
1469 2449 1682 2496 debebat
1715 2448 1837 2497 dotis
1864 2449 1934 2496 in-

96 2540 195 2579 star
221 2530 337 2577 dare
370 2530 560 2577 feminis
588 2530 850 2579 herodibus
873 2531 1026 2579 infimi
1043 2531 1242 2579 ordinis.
1272 2532 1342 2591 (D
1361 2549 1492 2579 emo
1509 2550 1529 2579 s
1546 2531 1623 2579 th.
1653 2549 1681 2579 a
1696 2531 1725 2578 d
1742 2549 1785 2579 v.
1814 2531 1865 2580 M
1880 2549 1928 2579 a-

96 2630 201 2661 car
216 2620 246 2660 t.
278 2612 456 2671 1068.)
485 2612 612 2660 Cum
637 2613 800 2679 itaque
829 2615 1350 2679 pentacosiomedimni
1380 2623 1427 2662 et
1454 2615 1639 2679 equites
1667 2622 1739 2662 tot
1761 2613 1932 2662 drach-

94 2713 197 2743 mas
225 2694 475 2755 dederint,
518 2703 637 2759 quot
671 2714 949 2755 mensuras,
993 2715 1088 2761 qua
1114 2705 1409 2762 proventum
1436 2698 1707 2758 minimum,
1734 2698 1933 2760 collige-

93 2787 227 2836 rent,
268 2796 368 2826 non
409 2777 599 2827 dubitat
637 2780 931 2828 clarissimus
969 2781 1068 2841 vir,
1114 2781 1231 2845 quin
1264 2782 1552 2845 jugatorum
1590 2797 1782 2845 quoque
1821 2799 1932 2846 pro-

92 2869 267 2910 ventus
293 2862 522 2910 minimus
550 2863 1109 2928 ceutumquinquaginta
1136 2881 1389 2913 mensuras
1417 2865 1648 2912 effecerit.

235 2944 312 2995 Ad
338 2945 459 2993 haec
484 2945 790 3010 respondeo,
832 2947 962 2995 aliud
988 2947 1136 3012 plane
1164 2946 1366 2995 subesse
1407 2947 1519 2994 huic
1557 2947 1670 3011 legi.
1722 2946 1931 3013 Sapiens

94 3029 279 3077 scilicet
304 3028 557 3093 legislator
584 3046 778 3078 omnem
805 3030 946 3077 unius
975 3030 1090 3078 anni
1130 3029 1382 3078 minimum
1418 3038 1714 3094 proventum
1738 3049 1766 3080 a
1784 3031 1929 3095 juga-

93 3110 279 3159 toribus
306 3111 355 3158 in
383 3111 546 3159 dotem
586 3111 806 3175 impendi
845 3112 981 3160 nullo
1022 3112 1165 3160 modo
1207 3113 1431 3173 volebat,
1470 3113 1585 3178 quia
1622 3131 1732 3162 cum
1768 3113 1930 3161 multis

95 3194 289 3241 filiabus
316 3194 622 3243 hereditariis
649 3194 803 3242 infimi
832 3195 1015 3243 ordinis
1045 3202 1184 3242 erant
1200 3195 1394 3243 vinculo
1423 3197 1730 3260 cognationis
1749 3196 1930 3261 juncti,

95 3294 156 3324 ne
183 3276 331 3339 igitur
357 3296 446 3342 per
471 3278 664 3325 crebras
694 3276 866 3325 harum
903 3278 1201 3326 elocationes
1230 3296 1461 3341 magnam
1489 3281 1557 3328 rei
1583 3279 1832 3328 familiaris
1854 3279 1928 3343 J‘a-

95 3365 279 3407 cturam
316 3366 628 3423 paterentur,
672 3377 769 3406 non
810 3360 1100 3408 tenebantur
1141 3379 1334 3409 omnem
1374 3364 1488 3411 anni
1528 3364 1776 3412 minimum
1816 3379 1926 3426 pro-

1566 3444 1649 3485 34⁴³
