2161 3673
238 236 306 285 30
955 246 1033 277 sos
1062 241 1272 273 rnssmco
1284 241 1336 272 M.

234 378 493 439 ματίζειν,
522 369 610 428 οὕς
638 374 712 419 δεῖ
738 368 978 433 πρότερον
1022 372 1119 418 τοῖς
1158 361 1455 426 πρητάνεσιν
1490 359 1777 409 ἀποδοῦναι
1803 357 1863 407 τά
1890 357 2052 426 γράμ-

232 478 380 520 ματα.
423 454 499 505 ‘H
521 456 569 505 δὲ
596 454 797 516 τετάρτη
825 453 929 512 περὶ
958 447 1104 510 ἱερῶν
1129 450 1218 494 καὶ
1247 442 1419 497 ὁσίων.

1250 533 1452 592 (Pollux
1481 529 1618 590 VIII,
1647 529 1912 588 95—96.).

1090 637 1201 685 116.

377 742 615 805 Prytanes
657 743 826 800 quater
863 740 1139 781 convocant
1178 730 1417 797 populum
1454 730 1504 776 in
1532 729 1727 793 singula
1752 729 1982 795 prytania
2007 737 2055 778 et

235 823 570 889 praescribunt
598 826 708 867 ante
737 817 1024 865 concionem
1051 814 1108 862 de
1137 815 1431 878 quibusnam
1458 811 1704 875 agendum
1730 813 1804 861 sit.
1845 811 2052 862 Concio-

234 925 351 954 num
377 914 537 953 autem
562 901 844 967 principalis
873 906 969 957 est,
995 898 1046 945 in
1072 914 1168 961 qua
1193 897 1506 960 magistratus
1532 896 1884 944 confirmantur
1909 896 2055 960 siqui-

233 990 342 1038 dem
383 987 498 1035 boni
537 985 742 1044 fuerint,
785 990 867 1032 aut
906 981 1233 1043 abrogantur:
1284 979 1335 1026 in
1374 995 1469 1042 qua
1509 985 1556 1026 et
1593 979 1816 1044 publicas
1855 995 2053 1039 causas,

233 1072 503 1135 quicunque
543 1067 777 1125 voluerit,
822 1065 1023 1113 recitare
1063 1070 1252 1128 potest:
1305 1068 1353 1109 et
1402 1060 1766 1125 publicatorum
1809 1062 2054 1111 bonorum

231 1151 626 1218 consignationes
665 1150 869 1197 recitant
908 1147 988 1211 qui
1025 1146 1182 1195 causis
1223 1161 1426 1210 operam
1465 1144 1582 1193 dant
1619 1145 1822 1208 (quibus
1847 1145 1942 1194 hoc
1967 1161 2051 1194 ne-

230 1237 417 1300 gotium
458 1236 623 1283 ‹latum
666 1235 791 1294 est),
838 1233 954 1281 item
992 1229 1321 1279 hereditatum
1358 1236 1551 1278 sortem.
1617 1227 1844 1277 Secunda
1882 1228 2052 1276 concio

231 1319 438 1368 habetur
475 1317 775 1372 volentibus,
817 1314 1169 1379 supplicatione
1210 1312 1366 1372 facta,
1405 1311 1645 1377 intrepide
1685 1312 1815 1376 loqui
1855 1310 1914 1360 de
1953 1311 2050 1376 pri-

233 1403 355 1451 vatis
383 1401 526 1450 rebus
555 1408 602 1448 et
628 1399 852 1465 publicis,
906 1397 1073 1445 Tertia
1109 1395 1437 1462 praeconibus
1477 1403 1522 1444 et
1556 1395 1730 1458 legatis
1758 1393 2052 1443 celebranda

232 1493 327 1546 est,
369 1501 486 1548 quos
527 1491 636 1532 ante
676 1481 967 1547 prytanibus
1006 1479 1187 1544 scripta
1225 1477 1416 1527 tradere
1455 1485 1659 1543 oportet.
1712 1478 1900 1538 Quarta
1933 1494 2050 1526 vero

234 1568 292 1616 de
319 1568 466 1616 sacris
494 1575 541 1615 et
567 1566 795 1631 profanis.

1081 1634 1195 1682 117.

365 1729 453 1778 Ἐν
482 1729 536 1791 τῇ
563 1731 715 1793 κυρίᾳ
743 1731 987 1793 ἐκκλησίᾳ
1015 1726 1264 1792 κυροῦται
1292 1724 1352 1773 τά
1383 1729 1696 1791 ψηφίσματα.

903 1813 1092 1874 (Schol.
1121 1814 1171 1862 in
1198 1812 1512 1877 Aristophan.
1544 1812 1752 1863 Acharn.
1787 1813 1907 1871 19.)

1087 1919 1197 1967 117.

375 2017 426 2066 [n
453 2017 711 2081 principali
739 2017 974 2065 concione
1002 2015 1352 2063 confirmantur
1378 2013 1575 2063 decreta
1603 2017 1871 2075 (senatus).

1082 2122 1196 2171 118.

362 2216 450 2264 Ἐν
490 2224 592 2271 ταῖς
630 2218 829 2279 κυρίαις
875 2217 1163 2272 ἐκκλησίαις
1201 2216 1289 2261 καὶ
1332 2212 1393 2260 τά
1434 2209 1568 2261 ἄλλα
1610 2212 1707 2262 τῶν
1743 2212 2047 2282 ἀναγκαίων

223 2303 558 2362 χρηματίζειν.
611 2301 949 2362 Χρηματίζειν
978 2296 1025 2345 δὲ
1065 2300 1154 2344 καὶ
1195 2300 1301 2360 περὶ
1339 2299 1481 2343 σίτου
1519 2299 1607 2343 καὶ
1637 2300 1742 2360 περὶ
1773 2297 1853 2356 τῆς
1879 2302 2049 2359 φυλα-

230 2383 316 2441 κῆς
343 2383 423 2441 τῆς
443 2382 635 2445 χώρας·
674 2386 751 2429 ἐπὶ
783 2380 829 2429 δὲ
858 2379 943 2439 τῆς
969 2385 1111 2439 ἕκτης
1152 2381 1451 2443 πρυτανείας
1489 2383 1578 2427 καὶ
1619 2384 1724 2443 περὶ
1752 2380 1835 2439 τῆς
1863 2378 2045 2447 ὀστρα-

230 2469 475 2529 κοφορίας
513 2467 928 2529 προχειροτονίαν
967 2463 1236 2521 δίδοσθαι,
1276 2466 1324 2511 εἰ
1360 2462 1503 2510 δοκεῖ
1547 2460 1574 2521 ἶ)
1607 2462 1675 2526 ,11¹3
1713 2466 1957 2527 εἰσφέρειν
1989 2464 2042 2514 τό

231 2544 494 2611 ὄστρακον.
1030 2550 1217 2610 (Photii
1242 2549 1381 2597 lexic.
1418 2550 1576 2609 Κυρία
1604 2550 1904 2610 ἐκκλησία).

1083 2654 1195 2703 118.

369 2751 425 2798 In
463 2751 816 2817 principalibus
856 2749 1171 2799 concionibus
1210 2757 1388 2813 agatur
1427 2758 1474 2797 et
1515 2749 1574 2798 de
1610 2749 1716 2799 aliis
1744 2752 2045 2800 necessariis.

231 2832 416 2897 Agatur
442 2833 555 2881 item
581 2834 639 2882 dc
669 2834 922 2883 frumentis
950 2840 997 2881 et
1022 2832 1081 2880 de
1109 2832 1329 2880 custodia
1354 2832 1581 2894 regionis.
1636 2834 1692 2882 In
1718 2840 1856 2882 sexta
1881 2841 2046 2883 autem

229 2915 455 2980 prytania
482 2915 770 2966 decernatur
796 2935 912 2966 num
939 2915 1206 2964 ostracismi
1236 2915 1445 2964 habendi
1474 2933 1619 2964 causa
1645 2916 1705 2963 sit
1732 2933 1902 2965 necne.

369 3115 477 3160 Εἰσὶ
507 3112 555 3161 δὲ
583 3117 669 3160 καὶ
708 3114 1003 3177 προσκλητοι
1052 3113 1388 3182 συναγόμενα(
1432 3114 1563 3162 κατά
1616 3135 1728 3164 τινα
1778 3118 2044 3183 ἐπείγοντα

228 3195 505 3263 πράγματα.
557 3199 618 3243 Αἱ
642 3200 736 3259 μὲν
774 3194 870 3247 οὖν
910 3198 1113 3263 νόμιμοι
1153 3202 1241 3246 καί
1283 3193 1545 3261 ὦρτομείἀι
1581 3201 1841 3257 ἐκκλησίαι
1871 3200 2044 3263 κύριαι

228 3285 481 3347 λέγονται,
535 3282 581 3326 αἱ
625 3280 671 3328 δὲ
715 3279 830 3343 πρὸς
873 3281 928 3329 τά
969 3285 1336 3350 κατεπείγοντα
1377 3281 1712 3349 συιάγόμεναι
1755 3282 2042 3349 σύγκλη-τοι.

909 3369 1093 3423 (Schol.
1121 3370 1172 3418 in
1199 3368 1512 3433 Aristophan.
1546 3368 1752 3418 Acharn.
1788 3369 1903 3427 19.)
