2114 3642
140 246 247 299 580
615 259 1019 297 COMMENTARIUS
1050 257 1115 288 An
1146 254 1249 289 1184.
1280 252 1383 290 1185.
1417 252 1522 289 1189.

136 411 235 442 rem
264 393 765 444 Lacedaemoniorum
794 387 1069 441 civitatem,
1112 400 1238 448 quae
1272 385 1388 433 solis
1415 383 1752 432 meretricibus
1779 383 1981 432 floridas

136 484 295 527 vestes
323 486 370 526 et
395 493 594 526 aureum
635 477 863 521 ornatum
901 476 1096 532 gestare
1137 468 1384 533 permisit,
1424 485 1452 516 a
1490 467 1657 532 probis
1697 467 1983 515 mulieribus

135 561 303 610 mundi
343 559 556 609 studium
597 555 854 613 auferens,
897 552 1028 616 quod
1071 551 1188 600 solis
1216 550 1557 600 meretricibus
1585 567 1635 598 se
1663 567 1837 599 ornare
1867 567 1981 599 con-

137 644 370 704 cederet.)

276 726 590 773 Zaleucus
633 721 802 769 Locris
838 719 965 767 hanc
994 720 1152 782 legem
1180 719 1400 784 scripsit:
1443 718 1619 767 Mulier
1646 724 1786 767 extra
1811 717 1979 765 urbem

138 816 283 857 noctu
311 805 484 871 pedem
502 821 563 852 ne
581 805 769 862 efferto,
790 803 882 850 nisi
912 819 1061 867 quum
1089 801 1348 849 moechum
1378 802 1502 850 forte
1532 800 1735 848 accedit.
1765 800 1983 848 Aureum

136 897 359 938 ornatum
390 896 437 937 et
464 889 753 937 intertextas
782 904 901 934 auro
929 893 1092 933 vestes
1120 902 1181 933 ne
1210 884 1524 943 circumdato,
1553 884 1645 932 nisi
1674 883 1980 931 meretricem

135 989 281 1037 agere
310 972 443 1021 velit.
496 971 586 1019 Vir
628 970 868 1020 annulum
908 969 1205 1017 subaureum
1239 976 1323 1016 aut
1352 976 1538 1016 vestem
1564 967 1784 1015 Milesiae
1813 983 1983 1031 parem

134 1073 194 1104 ne
222 1062 429 1121 gestato,
459 1055 551 1103 nisi
581 1055 661 1118 qui
689 1054 983 1102 scortatione
1016 1052 1087 1100 vel
1117 1052 1355 1100 adulterio
1384 1069 1435 1100 se
1466 1052 1784 1099 contaminat.
1813 1051 1884 1110 (D
1902 1050 1913 1096 i
1933 1067 1981 1096 o-

133 1140 256 1188 dor.
286 1139 479 1188 Sicul.
510 1138 622 1197 XII,
653 1137 765 1195 21.)

278 1222 423 1288 Apud
451 1220 742 1286 Syracusios
771 1219 931 1282 legem
962 1237 1066 1268 esse
1096 1219 1213 1267 dicit
1235 1217 1557 1283 Phylarchus,
1586 1224 1708 1265 teste
1727 1213 1980 1265 Athenaeo

134 1307 272 1367 (XII,
293 1306 454 1366 521),
471 1323 567 1371 qua
585 1312 817 1353 caveatur
834 1322 894 1351 ne
911 1321 1030 1352 auro
1046 1321 1153 1352 sese
1170 1311 1347 1351 ornent
1370 1303 1616 1360 mulieres,
1633 1318 1758 1349 neve
1780 1300 1980 1350 floridas

134 1397 329 1454 gestent
355 1399 517 1438 vestes
546 1397 629 1437 aut
657 1406 873 1454 purpura
902 1396 1210 1452 praetextas,
1241 1386 1333 1434 nisi
1362 1403 1486 1450 quae
1514 1402 1564 1434 se
1593 1384 1846 1450 publicum
1874 1401 1982 1432 esse

133 1474 461 1540 prostibulum
505 1474 820 1540 profiteatur:
862 1489 1065 1535 esseque
1106 1471 1250 1519 aliam
1278 1470 1467 1533 legem,
1508 1487 1634 1534 quae
1665 1476 1797 1517 vetet
1826 1469 1982 1516 virum

134 1558 389 1605 lenociniis
406 1558 592 1606 formae
622 1557 817 1604 studere
848 1563 930 1603 aut
958 1555 1251 1603 vestimento
1278 1554 1347 1601 uti
1376 1553 1690 1616 exquisitiore
1721 1561 1768 1601 et
1796 1569 1823 1600 a
1850 1569 1982 1601 com-

135 1642 266 1689 muni
301 1656 390 1688 usu
419 1640 742 1693 abhorrente,
787 1640 875 1686 nisi
918 1639 996 1702 qui
1028 1637 1307 1686 adulterum
1336 1656 1386 1684 se
1416 1644 1500 1684 aut
1527 1635 1723 1684 mollem
1751 1636 1982 1701 profitea-

134 1733 236 1773 tur:
277 1725 393 1772 item
423 1732 620 1771 cautum
651 1741 781 1781 esse,
822 1722 1039 1785 ingenua
1066 1721 1243 1768 mulier
1271 1737 1332 1767 ne
1361 1729 1470 1784 post
1498 1735 1726 1768 occasum
1754 1718 1868 1767 solis
1897 1717 1983 1765 do-

134 1825 214 1855 mo
243 1816 411 1867 exeat,
453 1807 542 1854 nisi
570 1806 863 1854 adulterium
892 1804 1177 1852 admissura.

915 1944 1014 1998 Ad
1039 1944 1216 1997 1185.

278 2059 537 2107 Rationem
579 2057 722 2122 hujus
764 2056 886 2120 legis
927 2056 1011 2104 dat
1039 2063 1204 2104 orator
1233 2055 1427 2103 dicens:
1470 2053 1530 2102 ab
1559 2051 1799 2118 ejusmodi
1827 2050 1986 2099 homi-

137 2142 279 2191 nibus
307 2161 406 2192 non
434 2142 590 2189 solum
620 2158 728 2200 eos,
771 2140 852 2204 qui
893 2140 941 2186 in
983 2139 1093 2187 illos
1133 2137 1416 2196 inciderint,
1457 2138 1541 2185 sed
1571 2147 1840 2184 mercatum
1866 2151 1986 2198 quo-

137 2244 229 2292 que
258 2226 467 2274 civitatis
502 2224 823 2272 communiter
863 2222 1004 2270 laedi.
1058 2221 1366 2270 Commercia
1393 2221 1523 2268 enim
1550 2218 1767 2285 pendent
1796 2235 1895 2266 non
1924 2217 1984 2266 de

138 2310 490 2375 accipientibus
519 2316 767 2366 mutuum,
809 2307 892 2354 sed
923 2307 981 2354 de
1011 2306 1271 2365 dantibus,
1307 2314 1353 2352 et
1380 2321 1470 2351 nec
1498 2304 1637 2350 navis
1667 2319 1753 2349 nec
1781 2302 1982 2349 navicu-

135 2392 283 2441 larius
324 2411 413 2441 nec
454 2400 622 2439 vector
663 2390 869 2455 provehi
910 2398 1099 2454 potest,
1140 2390 1177 2436 si
1215 2399 1383 2436 mutuo
1414 2388 1634 2435 dantium
1661 2384 1987 2433 ministerium

138 2477 384 2524 sublatum
413 2476 570 2525 fuerit.

908 2542 1007 2595 Ad
1044 2543 1220 2595 1189.

287 2655 607 2703 Athenienses
644 2654 770 2701 inter
810 2671 991 2701 annum
1034 2654 1148 2700 307.
1178 2661 1225 2700 et
1253 2653 1366 2700 200.
1397 2670 1437 2700 a.
1467 2651 1555 2700 Ch.
1585 2650 1835 2699 decretum
1863 2648 1985 2697 tule-

143 2743 281 2796 runt,
322 2746 397 2796 nt,
440 2739 519 2800 qui
562 2756 661 2785 non
705 2737 1016 2785 vendiderint
1057 2735 1323 2784 secundum
1364 2736 1691 2800 praescriptas
1732 2749 1985 2781 mensuras

145 2819 281 2877 (vide
308 2819 579 2869 Comment.
622 2821 681 2868 ad
718 2820 891 2879 312),
934 2837 1101 2867 eorum
1143 2838 1260 2868 vasa
1300 2819 1756 2881 confringerentur,
1798 2830 1985 2864 merces

146 2918 261 2949 vero
291 2903 671 2965 publicarentur.
705 2905 771 2963 (B
789 2923 815 2952 o
833 2922 856 2951 e
873 2904 945 2951 ck
966 2904 995 2951 h
1013 2904 1054 2950 ii
1083 2902 1122 2951 C
1139 2922 1165 2949 0
1184 2923 1205 2951 1·
1222 2922 1266 2967 p.
1296 2904 1356 2950 in
1374 2903 1435 2949 s'c
1452 2921 1473 2949 r
1489 2903 1501 2948 i
1518 2920 1548 2967 p
1566 2910 1597 2950 t.
1626 2920 1658 2966 g
1674 2920 1707 2949 r.
1738 2897 1984 2955 N=·.123.)

289 2994 567 3045 Secundum
598 2999 817 3046 Platonis
845 2998 1005 3061 Leges
1048 2998 1192 3057 (917,
1224 2996 1320 3044 (3--
1339 2999 1425 3055 D),
1470 2997 1689 3045 vendens
1731 2992 1909 3058 aliquid
1938 2993 1993 3039 in·

147 3079 253 3126 foro
295 3096 353 3125 ne
396 3096 603 3143 unquam
646 3082 740 3129 duo
780 3083 938 3147 pretia
977 3082 1104 3130 dicat
1140 3099 1329 3137 eorum,
1371 3098 1495 3144 quae
1526 3079 1717 3138 vendit,
1759 3077 1842 3124 sed
1871 3077 2014 3139 sim-4

147 3161 270 3225 plice
299 3160 454 3219 dicto,
483 3163 518 3206 si
549 3181 646 3210 11011
675 3164 887 3224 obtinet,
917 3164 1129 3222 auferat,
1160 3180 1315 3227 neque
1346 3182 1402 3211 eo
1431 3163 1505 3210 die
1533 3162 1688 3226 majus
1717 3167 1799 3207 aut
1825 3159 1984 3207 minus

147 3245 356 3308 pretium
394 3244 667 3292 constituat.
729 3247 963 3295 Laudatio
1005 3255 1166 3296 autem
1208 3256 1253 3293 et
1287 3244 1629 3311 jusjurandum
1672 3245 1719 3291 in
1761 3244 1892 3290 omni
1933 3259 1983 3290 re

146 3327 409 3375 vendenda
435 3327 616 3374 abesto.
672 3330 717 3375 Si
750 3334 854 3393 quis
884 3342 1047 3380 autem
1076 3331 1148 3377 his
1177 3348 1274 3377 non
1307 3331 1497 3391 obedit,
1528 3330 1804 3394 quicunque
1834 3328 1983 3374 inter-

146 3411 280 3458 venit
307 3410 512 3466 civium,
556 3411 635 3472 qui
676 3428 773 3458 11011
816 3415 973 3462 minus
1012 3415 1215 3477 triginta
1255 3413 1398 3460 annis
1437 3414 1498 3461 sit
1523 3419 1697 3472 natus,
1729 3411 1982 3474 jurantem
