2114 3642
785 205 849 239 De
874 204 1121 239 FOEDERIB
1131 206 1196 238 σε.
1804 188 1904 237 333

79 336 155 382 ἐπὶ
178 331 260 390 τὸς
277 329 725 396 ποιησαμένοςτὴν
752 335 1047 393 συμμαχίαν
1070 327 1098 388 ἢ
1123 329 1255 378 κατά
1286 331 1382 399 γῆν
1410 327 1437 389 ἢ
1461 328 1595 378 κατά
1627 328 1902 388 θάλατταν,

76 419 292 481 βοηθεῖν
325 414 610 475 Ἀθηναίος
648 418 736 463 καί
776 412 858 469 τὸς
899 412 1161 477 συμμάχος
1189 414 1385 472 τούτοις
1412 418 1502 463 καί
1528 412 1662 461 κατά
1691 415 1789 481 γῆν
1814 418 1902 461 καὶ

77 497 208 547 κατά
240 499 504 547 θάλατταν
530 501 676 546 παντὶ
706 501 873 546 σθένει
901 495 1035 544 κατά
1076 495 1133 545 τὸ
1177 496 1413 547 δυνατόν.
1459 495 1588 545 Ἐάν
1615 496 1667 544 δέ
1690 517 1762 552 τις
1790 497 1905 559 εἴπῃ

79 581 107 641 ἢ
131 586 411 648 ἐπιψηφίσῃ
442 579 471 640 ἢ
498 577 670 645 ἄρχων
697 577 724 640 ἢ
752 578 945 638 ἰδιώτης
973 578 1103 644 παρά
1133 579 1244 628 τόδε
1271 579 1328 629 τὸ
1368 579 1633 645 ψήφισμα,
1675 575 1738 637 ὦς
1765 578 1907 629 λύειν

77 687 121 714 τι
151 664 226 715 δεῖ
248 666 350 715 τῶν
375 671 431 715 ἐν
457 664 582 730 τῷδε
608 664 677 729 τῷ
710 666 991 729 ψηφίσματι
1020 667 1308 727 εἰρημένων,
1352 660 1616 728 ὑπαρχέτω
1637 666 1737 728 μὲν
1763 662 1903 728 αὐτῷ

77 747 242 813 ἀτίμῳ
269 748 394 797 εἶναι
424 752 512 796 καὶ
541 745 600 795 τά
623 747 860 811 χρήματα
900 745 1026 795 αὐτό
1069 745 1279 810 δημόσια
1321 749 1442 796 ἔστω
1483 752 1571 795 καὶ
1610 746 1693 806 τῆς
1722 748 1815 796 θεό
1843 746 1901 795 τὸ

76 830 374 881 ἐπιδέκατον
399 835 489 879 καί
526 834 780 895 κρινέσθω
818 835 874 879 ἑν
905 827 1208 889 Ἀθηναίοις
1248 834 1336 878 καί
1376 838 1478 888 τοῖς
1519 830 1801 895 συμμάχοις
1841 826 1906 887 ὦς

77 914 296 965 διαλύων
320 913 411 974 τὴν
439 917 752 979 συμμαχίαν.
806 913 1103 977 Ζημιόντων
1143 913 1190 962 δὲ
1232 912 1394 962 αὐτὸν
1437 914 1647 979 θανάτῳ
1678 911 1704 972 ἢ
1735 915 1904 982 φυγῇ,

76 996 207 1048 ὅπου
238 997 513 1058 Ἀθηναῖοι
539 1003 627 1046 καί
657 1000 703 1046 οἱ
734 997 993 1062 σύμμαχοι
1021 996 1280 1061 κρατόσιν.
1329 995 1458 1045 Ἐάν
1498 997 1546 1045 δὲ
1585 998 1795 1063 θανάτῳ
1822 1019 1901 1047 τι-

69 1083 242 1147 μηθῇ,
277 1082 346 1147 μὴ
375 1081 579 1145 ταφήτω
606 1087 660 1131 ἐν
686 1081 746 1145 τῇ
779 1080 995 1145 Ἀττικῇ
1014 1080 1137 1145 μηδὲ
1167 1086 1221 1131 ἐν
1248 1082 1308 1145 τῇ
1334 1080 1436 1131 των
1465 1081 1759 1145 συμμάχων.

217 1176 654 1242 (Ἐπιπραφαὶ
719 1175 1087 1226 ἀνέκδοτοι
1158 1175 1763 1238 άνακαλυφθεῖσαι

216 1266 331 1311 καὶ
381 1261 779 1312 ἐκδοθεῖσαι
836 1256 958 1310 ὑπὸ
1024 1262 1140 1309 τοῦ
1207 1259 1762 1328 ἆρχαιολογικοῦ

144 1399 147 1402 ‚
218 1345 501 1413 συλλόγο
520 1366 561 1397 υ.
618 1343 910 1394 Φυλλάδιον
960 1343 1207 1409 δεύτερον.
1274 1342 1563 1408 Ἀθήνῃσιν
1617 1347 1762 1394 1852.

217 1448 329 1499 pag.
358 1433 541 1492 3—4.)

921 1503 1069 1551 1295.

219 1600 268 1649 Si
308 1600 413 1664 quis
455 1599 760 1649 Graecorum
801 1598 878 1647 vel
918 1599 1238 1648 barbarorum
1277 1600 1326 1647 in
1363 1600 1511 1664 Epiro
1553 1598 1907 1650 habitantium,

75 1684 155 1732 vel
179 1684 519 1732 insulanorum
558 1683 768 1732 voluerit
807 1682 1194 1730 Atheniensibus
1235 1690 1281 1730 et
1323 1699 1489 1730 eorum
1528 1682 1672 1730 sociis
1711 1681 1907 1730 foedere

68 1767 238 1832 jungi,
278 1767 463 1816 licitum
503 1773 606 1814 esto
647 1766 717 1826 ei,
756 1772 948 1813 retenta
987 1781 1073 1813 sua
1112 1765 1366 1825 libertate,
1408 1765 1506 1813 suis
1527 1765 1722 1830 juribus
1751 1773 1798 1813 et
1824 1766 1908 1813 ill-a

75 1850 374 1915 reipublicae
402 1850 582 1910 forma,
623 1865 768 1913 quam
796 1849 1032 1908 voluerit,
1074 1849 1190 1912 quin
1216 1856 1454 1913 prytanes
1483 1856 1565 1896 aut
1593 1849 1910 1913 magistratus

76 1933 311 1998 suscipiat
336 1933 416 1981 vel
442 1934 676 1981 tributum
704 1932 914 1998 pendat,
956 1931 1128 1981 iisdem
1161 1932 1554 1992 conditionibUS,
1597 1933 1772 1997 quibus
1801 1932 1908 1979 Chii

77 2023 125 2064 et
150 2016 376 2065 Thebani
404 2024 452 2064 et
479 2015 557 2064 alii
584 2016 698 2064 socii
723 2024 836 2065 sunt
864 2016 1061 2064 foedere
1081 2017 1255 2082 juncti.
1309 2016 1438 2076 Illis,
1481 2017 1562 2080 qui
1591 2016 1905 2065 Atheniensi-

76 2100 166 2148 bus
194 2107 242 2147 et
268 2116 435 2148 eorum
461 2100 604 2149 sociis
631 2099 825 2148 foedere
854 2099 1012 2163 juncti
1050 2099 1256 2159 fuerint,
1297 2100 1512 2164 populus
1539 2099 1687 2147 tradit
1713 2116 1905 2164 posses-

76 2184 266 2243 sioneS,
307 2183 482 2247 quibus
523 2183 846 2232 Athenienses
885 2183 934 2230 in
974 2182 1176 2246 regione
1218 2199 1387 2230 eorum
1420 2183 1522 2231 sive
1550 2183 1780 2248 privatim
1807 2183 1908 2231 sive

77 2266 274 2332 publice
302 2266 570 2331 potiuntur.
618 2266 737 2315 Inde
765 2284 793 2314 a
821 2266 1083 2314 Nausinico
1112 2266 1346 2314 archonte
1374 2274 1538 2315 autem
1566 2284 1625 2315 ne
1653 2267 1796 2315 liceat
1824 2266 1907 2314 ulli

77 2347 455 2398 Atheniensium
494 2349 595 2398 sive
635 2349 865 2414 privatim
903 2349 1006 2397 sive
1045 2350 1242 2414 publice
1281 2350 1332 2397 in
1375 2351 1617 2398 sociorum
1650 2350 1790 2398 terris
1819 2350 1904 2398 do-

75 2451 210 2481 mum
235 2433 315 2480 vel
341 2431 546 2481 fundum
571 2433 824 2498 possidere
851 2450 1008 2498 neque
1038 2433 1267 2493 emendo,
1309 2451 1466 2498 neque
1494 2434 1544 2480 in
1572 2435 1753 2499 pignus
1780 2433 1902 2481 acci-

75 2516 282 2582 piendO,
322 2532 480 2581 neque
520 2516 615 2564 alio
656 2516 815 2565 modo.
868 2517 919 2566 Si
958 2534 1075 2566 vero
1112 2517 1220 2582 quis
1249 2518 1445 2578 emerit,
1487 2518 1567 2565 vel
1595 2516 1905 2581 acquisiverit

75 2600 157 2648 vel
181 2600 231 2647 in
257 2599 437 2665 pignus
464 2600 712 2665 acceperit
738 2618 1027 2666 quocunque
1055 2601 1229 2662 modo,
1258 2601 1403 2650 liceat
1434 2600 1634 2649 cuilibet
1660 2601 1903 2649 sociorum

78 2701 189 2732 eum
215 2682 403 2731 deferre
430 2682 560 2747 apud
588 2700 858 2732 assessores
885 2683 1276 2746 foederat0rum3
1305 2700 1571 2732 assessores
1600 2691 1764 2732 autem
1791 2683 1907 2733 dent

79 2765 331 2815 dimidium
358 2765 582 2826 delatori,
624 2772 672 2813 et
697 2766 828 2815 aliud
856 2766 1109 2815 dimidium
1136 2767 1197 2815 sit
1223 2767 1478 2815 sociorum.
1531 2765 1581 2815 Si
1610 2774 1772 2815 autem
1799 2769 1906 2832 quis

76 2849 208 2898 bello
249 2865 510 2913 aggressus
549 2849 695 2897 fuerit
732 2850 926 2900 foedere
959 2851 1160 2916 junctos
1200 2851 1302 2899 sive
1336 2858 1466 2898 terra
1492 2849 1594 2898 sive
1623 2850 1770 2912 mari,
1810 2851 1905 2899 illis

77 2931 404 2982 Athenienses
432 2940 480 2980 et
506 2949 675 2981 eorum
700 2933 816 2982 socii
841 2935 1093 3001 suppetias
1121 2933 1281 2982 ferant
1309 2940 1440 2982 terra
1466 2934 1711 2998 marique,
1750 2935 1904 2983 omni-

78 3015 194 3077 bus,
233 3023 468 3081 quantum
492 3016 541 3064 in
568 3016 637 3064 eis
672 3016 815 3064 situm
854 3025 951 3078 est,
997 3017 1196 3065 viribus.
1249 3016 1299 3065 Si
1340 3016 1445 3079 quis
1484 3035 1663 3082 porro,
1702 3018 1804 3066 sive
1832 3036 1903 3066 ar-

79 3099 204 3147 chon
230 3099 331 3148 sive
359 3099 605 3165 privatus,
646 3107 817 3148 contra
854 3101 949 3149 hoc
988 3100 1235 3149 decretum
1275 3099 1426 3147 verba
1463 3099 1630 3149 fecerit
1658 3102 1737 3149 vel
1763 3119 1903 3166 roga-

79 3181 228 3242 verit,
269 3191 320 3232 ut
345 3183 394 3230 in
427 3182 622 3232 decreto
663 3184 849 3233 sancita
887 3185 1210 3247 abrogentur,
1249 3183 1447 3232 infamis
1475 3191 1603 3243 esto,
1644 3185 1776 3234 bona
1803 3186 1904 3250 ejus

79 3264 415 3329 publicentur,
449 3284 655 3332 quorum
683 3266 870 3316 decima
896 3286 1009 3333 pars
1037 3269 1171 3315 Deae
1200 3266 1368 3328 cedat,
1398 3275 1445 3316 et
1462 3268 1703 3333 judicium
1729 3268 1904 3317 subeat

74 3364 239 3397 coram
263 3347 646 3401 Atheniensibus
686 3367 948 3417 eorumque
990 3351 1132 3400 sociis
1161 3358 1408 3416 tamquam
1435 3351 1648 3403 foederis
1675 3352 1902 3401 violator.
