2114 3642
576 186 980 217 COMMENTARws
1010 187 1075 217 AD
1104 185 1184 218 405.
1212 184 1294 217 415.
1323 185 1402 218 422.
1430 182 1498 216 423
1863 167 1963 213 473

274 311 458 360 Confer
486 312 631 359 etiam
659 310 819 359 Schol.
849 312 896 358 in
924 311 1152 360 Aeschin.
1194 312 1297 361 fals.
1330 313 1472 377 legat.
1508 311 1646 371 147.;
1688 308 1963 373 Etymolog.

133 395 298 458 Magn.
337 413 384 459 p.
413 395 539 456 3863
579 392 880 459 Hesychiuin
920 413 954 442 s.
982 414 1026 443 v.
1066 392 1279 457 βούτης,
1321 403 1371 444 et
1408 393 1608 444 Suidam
1649 412 1684 442 s.
1713 412 1756 440 v.
1790 388 1963 438 Ἐτεο-

131 474 397 538 βουταδαι.

275 655 436 704 Schol.
476 655 526 701 in
569 653 795 703 Aeschin.
837 655 895 702 (le
938 656 1062 704 male
1103 663 1246 719 gesta
1284 656 1429 718 legat.
1470 652 1513 720 ξ.
1557 655 1648 703 78:
1702 650 1967 717 Βουζύγης

129 735 318 794 ἐκλήθη
354 733 673 798 Ἐπιμενίδης
705 732 1005 793 Ἀθηναίων
1042 735 1145 784 τῶν
1183 738 1364 793 πάλαι,
1407 732 1535 791 &sug
1573 734 1763 799 πρῶτος
1791 733 1969 800 ζεῦγος

129 819 270 883 βοῶν
298 820 507 877 ἔζευξεν.
536 814 706 865 ”()ι9·ε’ν
733 822 822 865 καὶ
850 816 906 866 τὸ
937 815 1157 882 ἄροτρον
1184 816 1351 867 αὐτοῦ
1378 816 1607 866 ἀνέκειτο
1636 823 1691 867 εἶν
1718 818 1775 881 τῇ
1804 815 1970 880 ἄκρο-

131 901 267 950 πόλει
298 899 418 966 πρὸς
439 899 657 963 μνήμην.
708 903 958 967 (Buzyges
987 904 1258 952 vocabatur
1278 903 1593 969 Epimenides
1620 902 1750 968 apud
1780 902 1969 968 priscos

134 985 482 1045 AthenienseS,
513 985 593 1048 qui
620 985 804 1049 primus
834 986 983 1033 boves
1011 986 1141 1035 misit
1167 986 1257 1035 sub
1277 986 1471 1051 jugum.
1513 985 1660 1034 Unde
1688 985 1832 1033 etiam
1861 1001 1965 1032 ara-

130 1078 258 1116 trum
285 1069 389 1134 ejus
417 1067 692 1133 expositum
723 1076 827 1117 erat
853 1068 901 1116 in
930 1069 1147 1134 acropoli
1173 1069 1223 1117 in
1251 1068 1575 1126 memoriam.)

914 1207 1013 1260 Ad
1049 1208 1192 1260 415.

274 1317 473 1367 Suidas:
505 1311 964 1378 Ἱεροφάντῃ·
1005 1310 1165 1370 οὕτως
1204 1311 1509 1378 ὠνομάσθαι
1551 1317 1679 1375 φασὶ
1717 1311 1808 1361 τὸν
1836 1313 1970 1376 πρώ-

131 1419 223 1448 τον
248 1397 552 1462 ἱεροφάντην
596 1396 685 1446 τὸν
726 1395 1064 1459 ἀποφήναντα
1103 1403 1163 1447 ἐκ
1206 1398 1298 1446 τοῦ
1340 1401 1563 1461 πολέμου
1600 1395 1876 1446 ἐπανιόντα
1913 1394 1973 1443 τοὶ

130 1481 249 1547 ἱερά.
301 1486 403 1544 (Ita
440 1494 668 1533 vocaturn
707 1502 813 1533 esse
856 1484 1054 1533 tradunt
1091 1483 1253 1545 illum,
1308 1484 1389 1548 qui
1427 1485 1643 1549 primum
1681 1500 1822 1532 sacra
1861 1488 1973 1547 post

132 1568 379 1616 redditum
406 1585 430 1616 e
458 1567 588 1616 bello
601 1556 604 1557 ⁷
617 1567 943 1626 ostenderat.)

273 1651 485 1714 Diogen.
514 1651 674 1699 Laert.
703 1650 813 1710 VH,
848 1651 973 1698 186:
1015 1643 1042 1697 0t
1073 1647 1371 1712 ἱεροφάντης
1411 1655 1514 1703 τοῖς
1555 1644 1794 1710 ἀμυήτοις
1830 1649 1974 1713 Λέγει.

135 1734 506 1800 (Hierophanta
533 1734 648 1783 dicit
674 1735 909 1799 mysteria
936 1734 1200 1799 profanis.)

277 1817 569 1865 Theodoret.
597 1817 810 1881 Therap.
840 1837 884 1882 p.
914 1818 1006 1865 49:
1037 1811 1105 1863 ‘O
1143 1815 1440 1880 ἱεροφάντης
1481 1813 1584 1863 οἶδε·
1624 1813 1726 1863 τῶν
1761 1818 1972 1881 γενομέ-

139 1918 238 1949 νων
271 1896 356 1946 ιηὸν
383 1897 543 1965 λόγον
569 1902 659 1946 καὶ
687 1896 762 1954 οἷς
789 1895 855 1946 ἂν
889 1897 1142 1962 δοκιμάσῃ
1177 1898 1374 1963 μηνύει.
1426 1900 1794 1966 (Hierophanta
1818 1898 1978 1948 noscit

136 1992 402 2032 eventuum
427 1984 693 2043 rationem,
723 2001 927 2047 eamque
957 1984 1038 2044 iis,
1070 2002 1191 2048 quos
1219 1984 1574 2048 exploraverit,
1604 1983 1890 2047 significat.)

278 2065 514 2115 Aristides
543 2066 791 2114 Eleusinia
818 2067 853 2121 Ι,
882 2085 928 2131 p.
960 2066 1081 2114 417:
1121 2063 1446 2129 Εὐμολπίδαι
1475 2062 1775 2128 ἱεροφάντας
1803 2069 1973 2125 παρεῑὲ

129 2166 249 2209 χον.
290 2149 637 2215 (Eumolpidae
664 2150 974 2214 praebebant
1006 2151 1295 2210 sacrificos.)
1346 2150 1402 2200 Id
1431 2158 1504 2199 est
1539 2148 1745 2198 sacrifici
1782 2155 1922 2196 erant
1952 2165 1976 2196 e

135 2250 318 2298 genere
346 2232 764 2298 Eumolpidarum.

280 2399 526 2447 Plutarch.
557 2399 730 2448 defect.
759 2417 886 2448 orac.
918 2400 1010 2448 49:
1052 2396 1129 2446 δεῖ
1151 2396 1209 2446 τὸ
1241 2397 1467 2460 θύσιμον
1493 2396 1562 2461 τῷ
1596 2416 1640 2444 ιε
1667 2393 1855 2458 σώματι
1883 2397 1974 2441 καὶ

138 2481 198 2542 τῇ
229 2479 366 2544 ψυχῇ
408 2478 652 2544 καθαρὸν
690 2479 817 2528 εἶναι
858 2484 948 2528 καὶ
990 2479 1153 2536 ἀσινὲς
1192 2485 1282 2529 καὶ
1323 2479 1666 2543 ἀδιάφθορον.
1721 2480 1973 2540 (Hostiam

139 2573 333 2630 oportet
359 2572 408 2612 et
433 2566 563 2629 quod
590 2565 651 2614 ad
671 2584 849 2631 corpus
877 2574 924 2615 et
950 2567 1080 2631 quod
1109 2566 1170 2616 ad
1195 2567 1411 2615 animum
1429 2566 1619 2626 attinet,
1647 2581 1822 2629 puram
1850 2580 1971 2623 esse,

138 2649 379 2711 integram
409 2656 456 2696 et
479 2649 856 2714 incorruptam.)

921 2718 1021 2771 Ad
1045 2720 1200 2772 423.

281 2814 426 2875 Quod
452 2815 514 2863 ad
541 2815 715 2880 cyrbes
744 2817 945 2877 attinet,
986 2826 1087 2866 tam
1127 2817 1314 2882 antiqui
1355 2833 1503 2881 quam
1539 2814 1834 2863 recentiores
1861 2814 1974 2862 scri-

140 2909 305 2963 ptores
332 2899 382 2945 in
410 2897 628 2945 diversas
655 2906 821 2963 partes
849 2899 1116 2948 discedunt.
1171 2901 1319 2949 Teste
1347 2897 1610 2947 Plutarcho
1652 2896 1835 2958 (Vita
1878 2895 1910 2944 S
1930 2916 1977 2943 o-

141 2981 311 3029 lonis
340 2983 448 3043 25),
491 2981 679 3030 tabulas
708 2982 926 3047 ligneas,
969 2975 1146 3038 ἄξονες
1188 2983 1368 3043 dictas,
1411 2982 1586 3045 quibus
1614 2979 1808 3029 Solonis
1843 2980 1979 3041 leges

141 3063 408 3129 inscriptae
449 3072 611 3121 erant,
653 3061 860 3127 κύρβεις
903 3066 1277 3129 cognominatas
1330 3064 1618 3114 Aristoteles
1671 3072 1841 3112 auctor
1893 3072 1977 3110 est.

142 3146 379 3196 Nonnulli
406 3166 623 3197 seorsum
650 3149 826 3213 cyrbes
862 3157 1063 3198 vocatos
1104 3148 1358 3208 dicebant,
1399 3148 1573 3212 quibus
1600 3147 1978 3197 continebantur

143 3237 324 3278 statuta
349 3249 596 3281 sacrorum
626 3240 673 3281 et
700 3232 1031 3291 victimarum,
1072 3239 1260 3281 ceteras
1302 3250 1419 3281 vero
1446 3231 1610 3296 legum
1638 3231 1831 3281 tabulas
1859 3249 1974 3279 axo-

144 3329 230 3360 nas
258 3312 404 3362 fuisse
432 3316 718 3381 appellatas.
