2114 3642
93 198 196 246 414
703 201 1108 238 COMMENTARIUS
1136 200 1203 231 AD
1231 199 1265 232 8.
1293 196 1327 231 9.

96 339 322 405 exemplo
348 354 566 403 ponens,
605 333 775 383 decem
815 329 1031 377 tribuum
1070 326 1287 390 singulas
1326 325 1376 373 in
1403 332 1569 373 ternas
1602 315 1831 383 τριττύας
1859 317 1928 367 di-

96 423 210 472 visit
250 421 309 470 ad
348 419 674 485 phratriarum
713 412 1109 473 similitudinem,
1152 427 1276 476 quae
1317 409 1461 474 plane
1501 406 1724 456 diversae
1766 421 1795 452 a
1833 401 1930 450 Cli-

97 505 283 555 sthenis
311 498 527 564 τριττύσι
556 504 693 547 sunt:
735 495 969 561 gentibus
1007 494 1259 542 substituit
1299 491 1493 551 demos,
1532 489 1613 555 qui
1653 487 1833 554 partim
1872 502 1931 533 ex

98 589 215 654 ipsis
254 586 483 651 gentibus
523 580 824 630 denominati
865 585 1004 638 sunt,
1043 575 1154 625 licet
1193 575 1373 623 diversi
1413 591 1441 621 a
1482 571 1714 635 gentibus
1750 586 1932 633 cogno-

98 670 343 720 minibus:
408 673 552 729 atque
605 670 657 711 ut
708 669 884 727 gentes
928 658 1254 708 continebant
1303 651 1579 719 τριακάδας
1605 689 1618 709 ,
1671 654 1740 702 ita
1789 652 1934 700 etiam

98 756 150 802 in
190 753 342 802 demis
382 748 676 798 constitutae
716 741 981 807 τριακάδι-ς
1020 749 1188 792 sunta
1214 741 1478 807 gentiliciis
1511 733 1931 800 distinguendae.“

100 833 470 884 Boeckhius
510 847 639 894 corp.
668 829 813 877 inscr.
840 845 913 892 gr.
942 828 979 889 I,
1011 826 1125 874 141.
1177 827 1235 876 In
1278 824 1474 873 decreto
1514 822 1663 886 igitur
1699 820 1931 867 Piraeen-

98 919 221 967 sium
247 917 297 964 in
325 916 565 964 honorem
592 911 967 961 Callidamantis
997 912 1156 974 (corp.
1184 910 1326 957 inscr.
1356 908 1441 956 Nr.
1471 905 1599 965 101)
1627 906 1932 963 κατανεῖμαι

100 1000 147 1047 δὲ
177 994 340 1046 αὐτὸν
364 999 455 1043 καὶ
484 997 551 1051 εἰς
576 993 827 1060 τριακάδα
867 988 929 1052 ἣν
969 989 1035 1041 ἂν
1075 987 1231 1046 αὐτὸς
1267 986 1542 1053 βούληται,
1582 994 1766 1053 partem
1809 984 1938 1033 demi

99 1083 339 1148 significat
364 1078 589 1145 τριακάς.

241 1166 431 1215 Heroes
459 1183 576 1214 vero
604 1164 683 1213 vel
719 1163 894 1223 duces,
935 1180 964 1211 a
1005 1161 1179 1226 quibus
1220 1159 1373 1208 tribus
1413 1174 1591 1206 nomen
1631 1158 1938 1220 acceperunt,

99 1250 401 1300 vocabantur
428 1243 695 1313 ἀρχηγέται
714 1283 725 1303 ,
766 1246 814 1295 id
843 1253 940 1307 est,
978 1245 1174 1308 generis
1200 1250 1441 1294 auctores.

244 1331 553 1393 (Bekkert
593 1330 828 1381 Anecd.
857 1347 942 1394 gr.
969 1330 1004 1378 I.
1033 1347 1080 1394 p.
1109 1328 1254 1387 449.)

244 1429 458 1488 HeroeS,
501 1444 529 1475 a
568 1426 744 1490 quibus
783 1425 940 1473 tribus
979 1440 1156 1472 nomen
1197 1427 1521 1487 acceperunt,
1563 1424 1702 1467 sunt:
1757 1415 1939 1465 Erech-

101 1514 270 1575 theus,
299 1512 520 1577 AegeUS,
552 1509 802 1570 Pandion,
832 1509 996 1569 Leon,
1025 1507 1262 1567 Acamas,
1292 1505 1513 1565 Oeneus,
1544 1503 1786 1567 CecropS,
1816 1501 1939 1566 Hip-

103 1597 347 1663 pothoon,
378 1595 528 1661 Ajax,
557 1593 842 1643 Antiochus.
884 1593 1123 1658 (Etymol.
1152 1591 1216 1641 M.
1245 1609 1281 1639 s.
1310 1609 1355 1639 v.
1383 1585 1682 1650 ἐπώνυμοι.)

247 1680 422 1729 Suidas
451 1680 621 1729 scribit
648 1682 710 1740 (s.
739 1698 784 1728 v.
813 1675 1127 1740 ἕπώνυμοι);
1156 1694 1267 1726 cum
1293 1675 1620 1726 Athenienses
1649 1673 1944 1732 dubitarent,

105 1764 234 1813 unde
262 1763 416 1812 tribus
452 1763 777 1830 appellandae
818 1770 1006 1823 essent,
1047 1779 1076 1810 a
1103 1761 1219 1809 viris
1247 1759 1528 1808 clarissimis
1555 1757 1755 1806 nomina
1781 1757 1944 1805 ferun-

106 1857 185 1896 tur
223 1849 280 1896 iis
307 1848 624 1912 imposuisse3
662 1846 730 1894 ita
768 1854 931 1894 tamen
972 1852 1023 1893 ut
1063 1843 1245 1907 singuli
1285 1850 1483 1891 centum
1522 1841 1723 1889 nomina
1764 1840 1946 1905 scripta

108 1933 224 1981 sorti
253 1930 628 1980 committerent.

250 2015 307 2063 In
358 2014 714 2063 declamatione
765 2012 958 2062 funebri
1003 2011 1324 2061 Demostheni
1377 2011 1625 2077 adscripta
1677 2011 1750 2075 (p.
1797 2007 1945 2056 1397.

110 2095 186 2164 §§.
215 2098 451 2157 27—31)
481 2105 770 2147 enarrantur
795 2098 968 2146 merita
994 2097 1169 2146 horum
1196 2096 1412 2144 heroum.

251 2180 325 2230 Of.
353 2181 562 2230 Pausan.
589 2183 625 2242 I,
657 2184 701 2242 5,
732 2181 885 2229 2—4.

253 2264 417 2314 Schol.
456 2267 506 2314 in
543 2266 798 2314 Demosth.
825 2265 1090 2313 Timocrat.
1119 2264 1235 2322 702,
1267 2264 1358 2311 12:
1392 2258 1686 2325 Ἐπώνυμοι
1714 2256 1948 2308 καλοῦν-

112 2348 194 2394 ταί
219 2364 349 2402 τινες
377 2344 669 2411 ἀνδριάντες
699 2342 899 2411 ἡρώων,
941 2351 991 2404 ἐξ
1031 2338 1103 2394 ὧν
1129 2345 1414 2394 καλοῦνται
1444 2348 1534 2392 καὶ
1564 2346 1613 2392 αἱ
1643 2344 1764 2393 δέκα
1791 2347 1948 2405 φυλαὶ

113 2435 186 2478 ἐπ’
214 2427 429 2493 ὀνόματι
457 2430 667 2480 τούτων.
726 2428 799 2478 Τά
842 2429 890 2479 δὲ
932 2428 1160 2493 ὀνόματα
1200 2429 1303 2478 τῶν
1344 2424 1518 2493 ἡρώων
1556 2428 1746 2486 ταῦτα,
1782 2426 1949 2486 Ἀθη-

118 2515 273 2562 ναίων
300 2509 465 2563 ὄντων
499 2513 646 2571 ἐκτὸς
671 2515 894 2569 Αἴαντος
931 2514 1025 2562 τοῦ
1054 2515 1414 2578 Σαλαμινίου,
1461 2512 1736 2571 Πανδίων,
1773 2509 1950 2576 Ἐρεχ-

120 2594 264 2654 θεύς,
295 2600 536 2664 Κέκροψ,
565 2597 782 2667 Αἰγεύς,
814 2597 1023 2656 Οἰνεύς,
1050 2601 1222 2655 Λέων,
1250 2598 1406 2655 Αἴας,
1440 2594 1704 2661 Ἀκάμας,
1739 2593 1950 2645 ’Amin—

111 2698 231 2740 χος,
263 2676 577 2731 Ἱπποθόων.
632 2684 977 2750 (Eponymi
1016 2690 1254 2732 vocantur
1295 2690 1481 2732 statuae
1520 2682 1750 2744 heroum,
1791 2699 1819 2730 a
1846 2683 1950 2746 qui-

119 2764 207 2811 bus
249 2767 395 2815 etiam
436 2767 605 2817 decem
645 2768 802 2816 tribus
854 2767 1167 2833 appellantur
1218 2767 1486 2815 secundum
1531 2783 1700 2815 eorum
1739 2766 1950 2814 nomina.

120 2846 336 2894 Heroum
376 2859 563 2912 autem,
617 2851 698 2915 qui
749 2863 946 2915 practer
998 2849 1196 2914 Ajacem
1250 2849 1573 2898 Salaminium
1626 2849 1949 2899 Athenienses

121 2938 284 2989 erant,
328 2935 525 2982 nomina
565 2943 677 2982 sunt
717 2935 864 2983 haec:
906 2933 1156 2994 Pandion,
1199 2934 1528 2995 Erechtheus,
1571 2933 1814 2996 Cecrops,
1861 2931 1950 2980 Ae-

120 3029 268 3074 geus,
310 3015 529 3077 Oeneus,
572 3017 673 3065 Leo
691 3055 710 3077 ,.
741 3015 893 3081 Ajax,
924 3016 1150 3075 Acamas,
1187 3016 1482 3078 Antiochus,
1513 3016 1879 3082 Hippothoon.)

941 3155 1039 3210 Ad
1082 3158 1140 3210 9.

266 3262 409 3313 Auno
437 3263 552 3312 307.
580 3283 618 3313 a.
648 3266 734 3316 Ch.
764 3269 1069 3329 Demetrius,
1099 3275 1220 3316 teste
1248 3267 1466 3316 Diodoro
1496 3267 1637 3328 (XX,
1669 3267 1776 3325 46),
1806 3265 1950 3313 liber-

123 3355 270 3395 la‘sffln
312 3346 494 3412 populo
535 3349 775 3409 integram
818 3352 1051 3409 restituit,
1106 3352 1345 3400 amicitiae
1387 3368 1580 3413 quoquc
1623 3359 1668 3398 et
1710 3350 1952 3398 societatis
