2161 3673
236 231 300 276 54
967 238 1045 270 Jus
1070 234 1349 268 PUBLICUM.

1093 359 1207 409 205.

383 464 574 528 Regem
610 463 820 529 populus
849 459 1010 521 eligit,
1053 456 1299 521 suffragiis
1339 457 1532 506 delectu
1572 472 1596 504 e
1637 454 2069 521 praestantissimis

243 547 423 596 habito.

1098 610 1216 659 206.

386 707 487 766 Τὴν
527 714 748 774 γυναῖκα
786 705 880 753 τοι]
918 707 1156 768 βασιλέως
1196 701 1355 763 ἀστὴν
1380 702 1510 751 εἶναι
1538 706 1625 751 καὶ
1647 701 1718 767 μὴ
1747 707 2069 771 ἐπιμεμιγμέ-

244 812 332 850 rm*
366 795 509 853 ἑτέρῳ
551 787 723 852 ἀνδρὶ,
765 785 890 836 ἀλλὰ
933 790 1195 851 παρθένον
1233 793 1443 854 γαμεῖν,
1484 788 1568 834 ἵνα
1607 784 1741 834 κατά
1783 784 1844 834 τὰ
1886 784 2069 849 πάτρια

245 872 428 931 θύηται
457 869 516 918 τὰ
547 867 731 935 ἄρρητα
759 868 863 937 ἱεροὶ
892 865 1016 933 ὑπὲρ
1041 868 1126 928 τῆς
1152 868 1336 924 πόλεως
1362 866 1529 917 καὶτὰ
1557 867 1864 933 νομιζόμενα
1889 871 2069 937 γίγνη-

241 976 317 1003 ται
345 962 447 1011 τοῖς
481 959 619 1010 θεοῖς
645 951 861 1019 εὐσεβῶς
900 954 989 1000 καὶ
1010 950 1171 1017 μηδὲν
1195 949 1511 1010 καταλύηται
1532 950 1654 1015 μηδὲ
1683 952 2067 1017 καινοτομῆται.

1141 1036 1424 1097 (Demosth.
1454 1038 1504 1085 in
1532 1037 1707 1087 Neaer.
1739 1038 1928 1100 1370.).

1096 1145 1210 1193 206.

380 1243 517 1292 Uxor
542 1243 673 1304 regis
700 1242 819 1289 civis
847 1249 972 1302 esto,
1002 1249 1050 1289 et
1076 1258 1174 1290 non
1200 1242 1342 1290 alteri
1367 1242 1625 1290 commista
1651 1241 1785 1302 viro,
1814 1240 1902 1289 sed
1929 1240 2069 1303 virgo

239 1326 489 1386 ducendas
527 1332 582 1373 ut
618 1324 776 1389 patrio
815 1324 911 1373 ritu
949 1341 1128 1374 arcana
1165 1342 1304 1374 sacra
1329 1343 1421 1390 pro
1448 1324 1704 1390 republica
1728 1323 2069 1383 immolentur,

240 1419 288 1458 et
309 1413 441 1471 justa
467 1408 557 1456 diis
585 1408 663 1473 pie
706 1408 984 1467 solvantur,
1028 1416 1075 1456 et
1114 1425 1272 1474 neque
1314 1408 1569 1458 deseratur
1607 1424 1767 1471 neque
1810 1408 2072 1456 innovetur

240 1493 512 1556 quicquam.

1093 1564 1207 1612 207.

376 1650 442 1704 ‘0
470 1654 518 1703 δὲ
548 1659 860 1719 πολέμαρχος
890 1654 1004 1704 θύει
1028 1658 1125 1720 μὲν
1151 1654 1406 1721 Ἀρτέμιδι
1435 1654 1680 1724 ἀγροτέρα
1706 1659 1797 1703 καὶ
1823 1655 1894 1720 τῷ
1915 1651 2071 1703 Ἐνυ-

244 1742 395 1802 αλίῳ·
437 1736 692 1798 διατίθησι
732 1738 781 1788 δὲ
809 1737 900 1788 τὸν
926 1738 1194 1800 ἐπιτάφιον
1223 1737 1398 1807 ἀγῶνα
1424 1739 1526 1788 τῶν
1552 1744 1607 1788 ἐν
1634 1743 1835 1803 πολέμῳ
1863 1735 2070 1787 ἀποθα-

248 1819 463 1869 νόντων·
494 1825 583 1870 καὶ
611 1829 714 1878 τοῖς
742 1825 848 1886 περὶ
868 1818 1149 1886 ζΑρμόδιον
1175 1825 1408 1890 ἐναγίζει.

1412 1908 1616 1968 (Pollux
1644 1908 1779 1969 VIII,
1808 1908 1929 1970 91.).

1097 1980 1211 2028 207.

382 2073 656 2137 Imperator
680 2074 871 2122 Dianae
900 2073 1150 2123 Venatrioi
1178 2075 1420 2124 sacrificat
1447 2083 1495 2123 et
1521 2074 1680 2124 Marti.
1716 2073 1927 2123 Ordinat
1952 2090 2071 2138 quo·

243 2173 336 2220 que
365 2163 613 2204 certamen
640 2156 847 2205 funebre
876 2174 1068 2219 eorum,
1112 2159 1193 2222 qui
1231 2158 1364 2208 bello
1404 2158 1639 2207 cecidere.
1702 2158 1764 2206 Et
1803 2156 2073 2206 Harmodio

243 2239 437 2302 suisque
466 2239 742 2303 parentalia
768 2240 997 2288 celebrat.

1101 2312 1216 2359 208.

372 2400 507 2451 ‘'Ooa
534 2410 638 2459 τοῖς
677 2407 903 2459 πολίταις
943 2399 969 2451 ὁ
998 2399 1202 2467 ἄρχων,
1243 2403 1405 2451 ταῦτα
1444 2410 1547 2460 τοῖς
1582 2406 1841 2464 μετοίκοις
1869 2398 1896 2454 ὃ
1925 2408 2072 2453 πολέ-

238 2505 447 2550 μαρχος.
1151 2489 1534 2554 (Harpocratioz
1561 2490 1932 2551 πολέμαρχος).

1099 2585 1216 2634 208.

385 2677 742 2744 Quodcumque
793 2677 973 2728 archon
1025 2679 1240 2736 civibus,
1292 2679 1342 2728 id
1380 2686 1599 2744 praestat
1648 2681 1899 2746 inquilinis
1937 2682 2072 2748 pole-

245 2759 483 2808 marohUS.

1097 2833 1213 2881 209.

379 2918 446 2969 ‘0
473 2927 784 2988 πολέμαρχος
823 2929 1124 2990 ἐπιμελεῖται
1164 2925 1259 2974 τοῦ
1296 2930 1565 2990 τρέφεσθαι
1608 2932 1668 2976 ἐκ
1693 2929 1787 2976 τού
1828 2928 2074 2992 δημοσίου

249 3003 571 3074 τούςῗπαῖδας
597 3007 698 3055 τῶν
725 3006 1107 3058 ἀποθανάντων
1132 3011 1373 3076 γενναίως
1400 3013 1455 3058 ἐν
1480 3011 1553 3076 τῴ
1578 3014 1793 3076 πολέμῳ.

792 3093 981 3153 (Schol.
1009 3094 1058 3142 in
1084 3094 1335 3144 Demosth.
1365 3093 1631 3145 Timocrat.
1661 3095 1777 3158 706,
1809 3096 1930 3157 12.).

1098 3202 1214 3251 209.

388 3292 660 3355 Imperator
699 3302 835 3342 curat
872 3304 924 3344 ut
963 3314 1022 3346 ex
1062 3297 1260 3363 publico
1293 3297 1486 3345 alantur
1512 3313 1681 3346 eorum
1708 3297 1875 3358 liberi,
1916 3299 2073 3363 quiin

245 3373 376 3424 bello
404 3379 599 3424 strenue
628 3375 909 3426 occubuere.
