2114 3642
159 247 261 294 466
610 258 1018 293 COMMENTARIUS
1046 257 1115 289 AD
1143 256 1227 290 342.
1256 256 1337 290 346.
1366 257 1449 291 348.
1476 256 1558 290 349.

156 388 365 450 buebat,
408 389 488 453 qui
515 387 674 452 gentis
702 384 897 449 quidem
925 383 1143 448 ejusdem
1171 403 1272 433 non
1301 392 1491 443 essent,
1535 390 1739 449 propter
1771 384 2001 433 virtutem

158 479 321 520 tamen
350 479 513 520 essent
541 469 702 532 digni,
749 468 829 531 qui
856 466 1229 516 honorarentur.

937 606 1037 659 Ad
1064 607 1219 659 342.

300 718 460 767 Schol.
488 717 537 765 in
569 715 884 782 Aristophan.
913 716 1060 765 Aves.
1102 717 1230 764 450:
1273 716 1395 772 ἔθος
1437 711 1498 774 ἦν
1536 713 1657 771 τούς
1694 712 1998 777 ταξιάρχους

157 798 235 848 διὰ
265 798 488 861 κήρυκος
528 794 862 865 ἀπαγγέλλειν
889 804 993 853 τοῖς
1021 797 1215 846 ἑαυτῶν
1257 797 1579 861 στρατιώταις
1606 797 1665 846 τά
1696 797 2001 865 δεδογμένα,

156 881 269 931 οἷον
296 889 383 929 ποῖ
409 880 485 929 δεῖ
509 880 817 944 πορεύεσθαι
845 884 933 928 καὶ
966 878 1136 928 πόσων
1169 876 1366 945 ἦμερῶν
1392 880 1467 930 δεῖ
1486 883 1617 929 σιτία
1648 886 1996 944 προνοεῖσθαι.

153 968 329 1027 [Moris
358 975 484 1026 erat,
526 975 579 1015 ut
608 966 828 1015 ordinum
857 965 1004 1014 duces
1039 983 1128 1032 per
1168 984 1463 1033 praeconem
1500 968 1858 1016 annunciarent
1898 966 2000 1032 pla-

153 1051 248 1098 cita
274 1050 372 1098 suis
398 1050 658 1111 militibus,
700 1050 910 1115 exempli
949 1051 1107 1112 gratia
1146 1068 1241 1115 quo
1282 1059 1510 1116 oporteat
1537 1051 1780 1117 proficisci
1810 1058 1857 1099 et
1885 1059 2000 1116 quot

154 1133 344 1181 dierum
370 1133 551 1182 victum
579 1133 884 1198 providere.)

293 1215 438 1281 Apud
457 1216 874 1264 Lacedaemonios
901 1223 1164 1280 praeerant
1189 1216 1384 1264 selectis
1410 1216 1576 1281 gravis
1605 1223 1878 1265 armaturae
1908 1217 1996 1265 mi-

151 1299 316 1347 litibus
345 1299 699 1364 Hippagretae.
743 1299 938 1363 (Hesy
957 1299 1041 1347 ch.
1081 1318 1115 1347 s.
1144 1318 1189 1347 v.
1221 1293 1593 1364 Ἶππαγρέται.)

292 1381 390 1430 Sed
425 1383 696 1430 secundum
735 1383 1125 1447 Xenophontem
1165 1383 1236 1443 (L
1254 1400 1281 1431 a
1297 1400 1321 1429 c
1337 1401 1361 1430 e
1380 1383 1409 1430 d
1426 1401 1454 1431 a
1471 1401 1495 1430 e
1516 1401 1577 1430 m.
1620 1401 1642 1431 1·
1659 1399 1683 1430 e
1701 1401 1721 1429 s
1740 1399 1783 1447 p.
1826 1382 1910 1443 IV,
1939 1383 1996 1442 3)

152 1464 338 1530 Ephori
366 1465 620 1529 eligebant
648 1483 671 1512 e
700 1482 905 1512 numero
946 1482 1137 1526 eorum,
1181 1466 1261 1530 qui
1302 1473 1462 1513 aetate
1493 1473 1631 1514 erant
1659 1474 1858 1528 vegeta,
1899 1475 1996 1514 tres

152 1549 307 1607 viros,
351 1566 472 1612 quos
512 1549 847 1613 Hippagretas
889 1549 1149 1596 vocabant.
1205 1549 1390 1597 Eorum
1432 1550 1636 1613 quisque
1677 1557 1876 1597 centum
1904 1549 1996 1597 sibi

149 1631 279 1679 viros
308 1631 584 1695 deligebat,
625 1649 680 1678 ac
722 1631 863 1679 simul
903 1631 1183 1680 declarabat
1211 1631 1532 1696 quamobrem
1561 1633 1680 1680 alios
1709 1634 1994 1698 praeferret,

149 1713 268 1762 alios
296 1715 533 1779 rejiceret.

291 1892 437 1958 Apud
478 1893 899 1942 Lacedaemonios
942 1902 1082 1943 erant
1130 1894 1548 1959 Agathoergi
1598 1897 1710 1954 (seu
1750 1895 1991 1943 Beneme-

149 1976 252 2035 riti)
281 1976 411 2024 cives
439 1994 463 2025 e
492 1977 665 2025 militia
691 1977 906 2042 equestri
935 1979 1148 2042 egressi,
1190 1987 1350 2027 aetate
1379 1996 1572 2045 semper
1600 1978 1826 2040 maximi,
1854 1979 1992 2043 quin·

148 2076 241 2121 que
269 2060 556 2124 quotannis,
599 2060 681 2124 qui
711 2078 767 2108 eo
797 2078 954 2122 anno,
998 2079 1093 2125 quo
1135 2079 1194 2109 ex
1235 2061 1475 2125 equitibus
1504 2062 1791 2122 exiverunt,
1832 2063 1992 2127 reipu-

148 2141 302 2190 blicae
344 2159 491 2190 causa
530 2142 887 2208 Spartanorum
927 2145 1050 2192 alius
1091 2145 1184 2194 alio
1214 2145 1600 2193 dimittebantur.
1654 2146 1850 2204 (Hero
1870 2145 1991 2192 dot.

148 2225 184 2285 I’
214 2226 326 2285 67')
930 2296 1029 2348 Aa
1058 2298 1191 2350 348

289 2404 668 2470 Xenophon.
698 2406 769 2454 de
797 2408 1118 2471 magistro
1147 2408 1343 2473 equit.
1372 2409 1405 2462 I.
1438 2408 1496 2454 8:
1525 2408 1652 2467 Quia
1679 2407 1852 2455 civitas
1882 2415 1987 2456 rata

148 2486 337 2535 difficile
366 2488 600 2551 quiddam
628 2507 749 2550 esse,
777 2490 944 2555 perfici
975 2491 1094 2539 haec
1117 2509 1144 2539 a
1162 2491 1266 2539 solo
1296 2491 1533 2555 magistro
1563 2490 1776 2555 equitum
1806 2491 1984 2551 onmia,

147 2570 369 2618 tribunos
397 2571 438 2618 ei
467 2570 638 2636 deligit
665 2572 926 2638 adjutores.

289 2653 517 2718 Equitum
548 2657 767 2719 magistri
796 2674 895 2704 non
924 2664 1052 2704 sorte
1088 2656 1409 2717 creabantur,
1451 2657 1536 2705 sed
1566 2659 1812 2722 suffragiis
1841 2658 1987 2722 elige-

151 2734 338 2785 bantur.
402 2738 606 2801 Legitur
652 2740 781 2787 enim
820 2740 871 2787 in
921 2740 1188 2804 Hyperidis
1240 2741 1460 2789 oratione
1514 2759 1604 2806 pro
1657 2742 1987 2808 Lycophrone

149 2819 393 2881 (fragm.
425 2822 540 2881 155,
571 2821 688 2881 13):
728 2815 871 2883 ’ὑμεῖς
891 2840 955 2882 με
983 2819 1302 2884 πρῶτονμὲν
1329 2820 1605 2886 φύλαρχον
1643 2827 1778 2884 ἔχει
1798 2844 1824 2886 ρ
1843 2843 1987 2872 οτο-

153 2917 179 2944 1‘
197 2897 220 2955 ἡ
237 2916 412 2957 aare,
454 2904 620 2950 ἔπειτα
661 2905 729 2959 εἰς
755 2903 971 2967 Λῆμνον
1008 2905 1282 2966 ἵππαρχον.
1337 2909 1399 2955 Et
1438 2908 1568 2972 apud
1598 2908 1985 2958 Demosthenem

150 2983 247 3042 (ad
264 3002 305 3031 V.
337 2985 613 3054 Philipp.
643 2990 677 3045 Ι,
707 3008 753 3054 p.
785 2990 907 3049 —l7):
950 2984 1052 3035 οὐκ
1088 2991 1158 3048 ἐχ
1174 2996 1552 3050 ειροτονεῖτ
1572 3009 1593 3036 ε
1629 2990 1751 3037 δέκα
1780 2989 1986 3053 ταξιάρ-

142 3083 272 3124 χους
297 3069 384 3112 καί
415 3069 719 3137 στρατηγούς
746 3074 833 3119 καὶ
863 3070 1157 3134 φυλάρχους
1183 3076 1273 3119 καί
1302 3071 1585 3136 ἱππάρχους
1613 3071 1736 3131 δύο,-

926 3214 1025 3267 Ad
1053 3215 1205 3267 349.

290 3303 434 3368 Apud
475 3304 889 3359 Lacedaemonios
930 3312 1116 3377 Ephori
1158 3329 1312 3360 annos
1356 3313 1527 3361 aetatis
1567 3313 1855 3363 indicabant
1891 3332 1979 3381 pu-

147 3385 300 3448 blice,
341 3387 514 3451 quibus
543 3389 591 3436 in
619 3393 841 3442 militiam
868 3401 971 3443 tum
1002 3395 1274 3458 equitibus,
1316 3403 1417 3443 tum
1446 3395 1688 3460 peditibus
1715 3398 1881 3460 gravis
1908 3415 1980 3446 ar-
