2161 3673
217 223 280 269 76
924 232 1004 264 sus
1033 226 1312 260 PUBLICUM.

1061 352 1176 400 302.

353 444 589 495 Naucrari
614 441 797 492 tributa
832 452 1073 504 pagorum
1110 433 1454 484 administrant
1480 440 1528 483 et
1551 431 1632 498 qui
1660 447 1722 482 ex
1747 431 1881 484 hisce
1908 433 2036 484 fiunt

214 535 412 578 sumtus.

1060 588 1176 637 303.

345 677 442 727 Ἐκ
467 676 516 726 δὲ
539 674 620 734 τῆς
642 672 798 736 φυλῆς
815 668 1024 729 ἑκάστης
1040 672 1134 719 εἰσι
1150 672 1474 733 νενεμημέναι
1492 670 1799 731 ναυκραρίαι
1822 666 2030 718 δώδεκα.

1063 827 1164 877 303
1266 753 1456 817 (Photii
1480 752 1577 803 lex.
1603 754 1892 818 ναυκραρ.).

352 913 612 976 Quaelibet
636 912 791 962 tribus
817 909 974 961 divisa
999 917 1074 959 est
1097 911 1148 960 in
1174 908 1454 960 naucrarias
1481 908 1747 959 duodenas,

1055 1016 1173 1064 304.

358 1097 456 1156 Τὰς
483 1097 605 1148 δέκα
630 1096 792 1161 φυλὰς
830 1099 899 1154 εἰς
932 1093 1250 1156 πεντήκοντα
1280 1097 1402 1160 μέρη
1440 1093 1799 1158 διαταχθῆναι.
1857 1092 2032 1144 Ταῦτα

213 1183 263 1234 δὲ
289 1182 573 1233 καλοῦνται
599 1183 916 1247 ναυκραρίαι.
1193 1180 1382 1243 (Photii
1410 1181 1530 1231 Lex.
1558 1178 1887 1243 ναυκραρία).

1062 1265 1178 1315 304.

347 1352 532 1401 Decem
569 1350 722 1400 tribus
760 1349 810 1398 in
849 1348 1207 1416 quinquaginta
1239 1356 1405 1415 partes
1431 1347 1726 1398 dividantur.
1778 1346 1885 1397 Hae
1913 1364 2031 1397 vero

211 1434 493 1485 naucrariae
518 1432 842 1500 appellantur.

985 1606 1167 1673 Τμῆμα
1205 1607 1262 1659 δ’.

782 1702 1013 1766 Ἀρχαί
1059 1706 1442 1768 ἐμπορικαὶ.

996 1872 1159 1922 Sectio
1196 1873 1242 1921 4.

685 1970 1117 2034 Magistratus
1153 1968 1547 2018 mercator-ii.

1060 2087 1176 2136 305.

343 2178 708 2247 Ἐμπορίου
757 2176 1155 2243 ἐπιμελητάς
1194 2176 1318 2228 δέκα
1354 2177 1704 2243 κληροῦσθαι·
1744 2176 1940 2234 τούτοις
1979 2177 2029 2227 δὲ

211 2267 563 2327 προστέτακται
606 2264 709 2313 τῶν
733 2285 783 2312 τε
822 2264 1075 2326 ἐμπορίων
1113 2266 1456 2326 ἐπιμελεῖσθαι
1474 2300 1487 2320 ,
1527 2265 1616 2310 καὶ
1643 2261 1739 2310 τοῦ
1764 2263 1908 2309 σίτου
1935 2260 2031 2309 τοῦ

210 2349 580 2403 καταπλέοντος
619 2349 686 2403 εἰς
723 2343 780 2395 τό
816 2342 1061 2395 Ἀττικὸν
1099 2342 1343 2409 ἐμπόριον
1375 2343 1436 2394 τὰ
1463 2343 1556 2394 δύο
1577 2348 1699 2409 μέρη
1724 2341 1846 2400 τούς
1873 2340 2030 2408 ἐμπό-

211 2449 325 2491 ρους
351 2427 658 2498 ἀναγκάζειν
684 2433 753 2487 εἰς
777 2427 835 2479 τὸ
864 2424 992 2478 ἄστυ
1018 2431 1273 2492 κομίζνιν.
1490 2430 1885 2497 (HarpocratiO.)

351 2624 532 2672 Decem
569 2624 774 2689 emporii
812 2631 1060 2673 curatores
1097 2631 1227 2671 sorte
1265 2622 1517 2686 legantur,
1559 2622 1735 2686 quibus
1766 2622 1816 2671 id
1843 2622 2029 2685 negotii

214 2706 379 2751 datum
405 2714 501 2765 est,
542 2715 593 2755 ut
620 2708 948 2773 emporiorum
972 2724 1140 2755 curam
1166 2706 1405 2765 habeant,
1449 2712 1497 2754 et
1520 2706 1782 2766 frumenti,
1821 2705 1953 2770 quod
1978 2705 2029 2753 in

214 2785 426 2836 Atticum
467 2791 733 2853 emporium
770 2790 1052 2846 advehitur,
1095 2788 1213 2838 duas
1252 2796 1414 2855 partes
1453 2790 1501 2837 in
1534 2789 1706 2838 urbem
1732 2795 2029 2838 mercatores

214 2868 402 2918 deferre
429 2879 616 2934 cogant.

1056 2943 1171 2991 306.

350 3030 455 3098 Ἀγ
473 3034 716 3097 ορανόμ
736 3055 822 3094 οι,
862 3038 908 3085 οὶ
946 3034 1008 3083 τὰ
1045 3032 1178 3083 κατὰ
1215 3034 1307 3093 τὴν
1335 3033 1531 3102 ἀγοράν
1558 3031 1686 3084 ὤνια
1712 3034 2028 3091 διοικοῦντες

217 3110 471 3177 ἄρχοντες.
523 3118 622 3163 Καὶ
661 3118 964 3182 κληροῦνται
1004 3122 1146 3167 πέντε
1180 3118 1279 3181 μὲν
1315 3119 1383 3173 εἰς
1411 3117 1660 3181 ΙΙειραιᾶ,
1701 3121 1843 3167 πέντε
1882 3115 1930 3165 δὲ
1959 3119 2028 3174 εἰς

217 3192 355 3244 ἄστυ.
1064 3273 1165 3321 306
1490 3203 1887 3269 (Harpocratia)

355 3351 466 3400 Fori
494 3361 738 3403 curatores
765 3363 876 3405 sunt
913 3356 1254 3425 magistratUS‚
1294 3357 1375 3423 qui
1402 3373 1482 3415 res
1506 3357 1556 3406 in
1583 3356 1688 3406 foro
1716 3356 1917 3406 venales
1943 3355 2026 3409 ad-
