2114 3642
467 218 875 249 COMMENTARIUS
903 218 971 249 AD
1000 215 1080 249 951.
1109 216 1189 250 957.
1219 217 1300 249 962.
1329 215 1410 249 964.
1440 215 1521 248 966.
1819 202 1915 248 541

857 353 957 406 Ad
1003 354 1141 407 951.

223 462 299 512 Cf.
330 463 476 512 etiam
503 481 550 528 p.
581 463 713 509 1145
746 463 958 527 ejusdem
991 464 1240 511 orationis.

219 546 383 594 LexiC.
425 545 624 608 Seguer.
666 563 712 610 p.
755 545 883 593 236:
924 538 949 601 ἦ
993 541 1161 610 γραφή
1203 543 1306 591 τῶν
1345 563 1415 600 τις
1455 538 1639 604 ὤφειλε
1666 542 1920 606 δημοσίων

78 626 277 674 σκευῶν
312 625 584 689 τριηρικῶν
621 624 679 687 τῇ
717 623 886 683 πόλει,
929 625 1225 693 διάγραμμα
1253 629 1497 676 ἐκαλεῖτο.
1551 628 1721 688 (Actio
1749 636 1920 676 contra

75 712 211 759 illum
236 712 441 771 intenta,
471 711 553 775 qui
579 711 878 776 reipublicae
907 711 1099 760 debitor
1126 719 1228 760 erat
1256 730 1355 761 non
1383 713 1620 760 restitutis
1648 712 1916 760 triremium

78 795 416 854 armamentis,
458 795 730 842 vocabatur
758 794 1103 858 diagramma.)

856 946 956 999 Ad
987 947 1138 999 957.

217 1055 336 1104 Lex.
365 1055 568 1120 Seguer.
597 1075 641 1121 p.
670 1057 795 1103 197:
828 1051 1143 1109 Ἀντίδοσις·
1172 1050 1229 1100 τὸ
1257 1050 1352 1111 τήν
1379 1049 1565 1100 οὐσίαν
1592 1051 1775 1101 δοῦναι
1803 1052 1915 1101 ιτινά

73 1155 171 1183 τινι
199 1128 523 1201 εὐπορωτέρᾳ)
553 1135 673 1200 πρὸς
705 1135 763 1184 τὸ
802 1135 895 1195 τήν
935 1136 1185 1184 δοθεῖσαν
1224 1137 1576 1203 λειτουργίαν,
1619 1134 1917 1199 δαπανηράν

73 1214 263 1277 οὖσαν,
303 1224 506 1268 ἐκεῖνον
545 1224 884 1288 λειτουργεῖν,
928 1217 958 1279 ἢ
999 1218 1059 1268 οὐ
1105 1223 1323 1267 θέλοντα
1362 1223 1566 1267 ἐκεῖνον
1604 1223 1916 1287 λειτουργεῖν

74 1299 372 1350 ἀντιδοῦναι
423 1301 516 1362 τὴν
567 1304 752 1352 ἑαυτοῦ
804 1307 895 1351 καὶ
947 1303 1138 1351 τοῦτον
1189 1297 1535 1366 ἀντιλαβόντα
1588 1307 1912 1370 λειτουργεῖν.

74 1387 405 1447 (Permutatio
433 1396 506 1437 est
533 1406 682 1453 quum
722 1389 828 1453 quis
869 1389 1127 1437 facultates
1169 1405 1280 1435 suas
1319 1388 1402 1435 dat
1429 1388 1568 1435 alteri
1596 1387 1913 1452 opulentiori,

74 1478 126 1517 ut
151 1471 453 1535 assignatum
480 1472 571 1518 sibi
599 1489 800 1531 munus,
843 1478 1014 1535 utpote
1042 1479 1385 1535 sumptuosum
1403 1507 1415 1527 ‚
1456 1471 1535 1519 ille
1564 1471 1735 1532 obeat,
1772 1473 1849 1519 vel
1877 1472 1914 1519 si

72 1555 219 1615 nolit,
260 1563 506 1620 permutet
543 1555 830 1610 facultates,
873 1571 993 1619 quas
1033 1554 1114 1617 qui
1141 1554 1407 1619 receperit,
1446 1572 1621 1601 munus
1649 1556 1913 1619 perficiat.)

215 1639 404 1687 Eadem
441 1639 558 1686 dicit
586 1638 861 1686 Scholiasta
900 1638 950 1685 in
978 1637 1228 1685 Demosth.
1260 1644 1378 1685 orat.
1409 1638 1444 1685 Ι.
1473 1637 1581 1685 adv.
1614 1637 1912 1703 Philippum,

76 1723 155 1783 50,
193 1723 272 1769 20.

851 1789 950 1841 Ad
983 1790 1134 1841 962.

212 1900 328 1949 LeX.
359 1900 560 1963 Seguer.
590 1919 635 1966 p.
665 1901 792 1948 207:
826 1896 960 1946 Ἀπὸ
994 1897 1345 1962 μισθῑιῃιάτων
1389 1896 1565 1950 θύειν·
1607 1897 1664 1946 τὸ
1693 1896 1781 1954 τάς
1812 1902 1910 1946 θυ-

72 1982 181 2036 σίας
202 1985 625 2045 μισθωσαιιιέινους
652 1985 888 2045 παρέχειν
914 1982 976 2044 τῇ
1002 1980 1137 2030 πόλει
1167 1987 1256 2029 καὶ
1294 1989 1397 2038 τοῖς
1425 1978 1639 2044 ἄρχουσι
1669 1980 1728 2029 τά
1759 1984 1909 2045 ἱερεῖα

71 2066 140 2119 εἰς
166 2062 254 2119 τάς
295 2064 496 2128 ἑορτάς,
537 2062 662 2113 ὥστε
702 2066 879 2113 δοκεῖν
908 2068 1005 2128 μὲν
1042 2064 1137 2124 τήν
1177 2064 1326 2113 πόλιν
1365 2071 1454 2114 καὶ
1495 2065 1616 2122 τούς
1656 2062 1912 2130 ἄρχοντας

72 2143 236 2198 θύεινζ
285 2151 348 2210 (Ε
379 2151 604 2199 mercede
633 2151 973 2199 conductionis
1000 2152 1276 2200 sacrificare
1304 2152 1573 2214 significat,
1617 2159 1669 2199 ut
1694 2152 1788 2209 illi,
1830 2152 1910 2215 qui

69 2234 249 2282 hostias
287 2234 513 2282 mercede
553 2235 858 2293 conducunt,
914 2236 1185 2299 praebeant
1225 2235 1411 2282 civitati
1452 2244 1500 2282 et
1539 2234 1906 2298 magistratibus

67 2336 208 2366 sacra
243 2318 474 2367 animalia
514 2318 574 2365 ad
602 2318 753 2377 festa,
795 2317 863 2363 ita.
902 2324 954 2364 ut
993 2318 1165 2366 civitas
1205 2325 1252 2364 et
1291 2317 1604 2380 magistratus
1647 2317 1907 2365 videantur

66 2402 364 2460 immolare.)
846 2469 904 2522 A

211 2578 356 2644 Apud
383 2578 646 2628 Cretenses
673 2597 732 2628 ex
770 2580 994 2628 omnibus
1035 2579 1276 2627 fructibus
1305 2586 1352 2625 et
1379 2578 1640 2642 pecoribus
1668 2578 1820 2637 natis,
1861 2586 1908 2626 et

67 2680 127 2711 ex
165 2662 491 2725 vectigalibus
530 2663 828 2727 reipublicae
869 2670 915 2710 et
953 2662 1173 2720 tributis,
1217 2678 1339 2725 quae
1381 2661 1593 2726 pei-ioeci
1628 2662 1904 2725 pensitant,

68 2764 182 2811 pars
222 2752 355 2793 certa
393 2746 655 2810 praefinita
693 2754 767 2793 est
805 2746 866 2792 ad
908 2763 984 2794 res
1019 2745 1210 2792 divinas
1246 2743 1494 2791 faciendas
1522 2750 1569 2790 et
1596 2744 1905 2808 publicorum

67 2845 326 2877 munerum
363 2828 663 2889 functiones3
703 2829 858 2876 altera
897 2828 958 2876 ad
999 2827 1229 2875 convivia
1267 2825 1488 2891 publica,
1531 2827 1598 2873 ita
1639 2834 1690 2874 ut
1729 2828 1787 2876 de
1817 2846 1902 2894 pu-

66 2913 194 2960 blico
236 2928 406 2959 omnes
445 2917 492 2958 et
532 2911 760 2960 mulieres
802 2920 849 2959 et
887 2912 1026 2976 pueri
1066 2918 1113 2958 et
1151 2910 1241 2957 viri
1283 2910 1490 2957 alantur.
1531 2909 1901 2970 (Aristotel.

66 2995 255 3044 Polit.
285 2996 346 3055 II,
377 2996 421 3055 7,
450 2995 523 3053 4.)

844 3062 943 3115 Ad
973 3063 1124 3114 966.

207 3173 395 3222 Merces
435 3172 742 3220 comitiorum
781 3173 918 3220 initio
957 3172 1098 3219 unius
1131 3177 1322 3219 tantum
1348 3170 1479 3219 oboli
1507 3179 1635 3234 erat,
1677 3180 1790 3237 post
1818 3189 1898 3220 au-

64 3263 162 3304 tem
190 3256 336 3304 trium
364 3254 632 3305 obolorum.
686 3256 842 3303 Docet
882 3255 973 3301 hoc
1014 3254 1369 3319 Aristophanes
1401 3255 1450 3303 in
1486 3255 1897 3303 Ecclesiazu-

66 3339 153 3385 sis
185 3341 256 3398 (v.
286 3340 590 3396 ‘mom-310)
620 3338 811 3397 dicens,
852 3339 983 3386 cives
1025 3338 1256 3398 antehac,
1298 3356 1447 3402 quum
1474 3339 1670 3387 unicum
1699 3339 1897 3386 obolum
