<?xml version="1.0" encoding="UTF-8"?>
<!DOCTYPE html PUBLIC "-//W3C//DTD XHTML 1.0 Transitional//EN"
    "http://www.w3.org/TR/xhtml1/DTD/xhtml1-transitional.dtd">
<html xmlns="http://www.w3.org/1999/xhtml" xml:lang="en" lang="en">
 <head>
  <title>
</title>
<meta http-equiv="Content-Type" content="text/html;charset=utf-8" />
  <meta name='ocr-system' content='tesseract 3.04.00' />
  <meta name='ocr-capabilities' content='ocr_page ocr_carea ocr_par ocr_line ocrx_word'/>
</head>
<body>
  <div class='ocr_page' id='page_1' title='image "./synaggtnattiknno00tluoft_0183.png"; bbox 0 0 2161 3673; ppageno 0'>
   <div class='ocr_carea' id='block_1_1' title="bbox 441 237 1855 286">
    <p class='ocr_par' dir='ltr' id='par_1_1' title="bbox 441 237 1855 286">
     <span class='ocr_line' id='line_1_1' title="bbox 441 237 1855 286; baseline 0.005 -7"><span class='ocrx_word' id='word_1_1' title='bbox 441 247 660 282; x_wconf 75' lang='lat' dir='ltr'><strong>CITA&#39;I&#39;lO.</strong></span> <span class='ocrx_word' id='word_1_2' title='bbox 689 259 734 267; x_wconf 88' lang='grc'>-·-</span> <span class='ocrx_word' id='word_1_3' title='bbox 760 248 1002 281; x_wconf 80' lang='lat' dir='ltr'>LIBELLUS</span> <span class='ocrx_word' id='word_1_4' title='bbox 1032 250 1421 284; x_wconf 78' lang='lat' dir='ltr'><strong>ACCUSATORIUS.</strong></span> <span class='ocrx_word' id='word_1_5' title='bbox 1758 237 1855 286; x_wconf 72' lang='grc'>157</span> 
     </span>
    </p>
   </div>
   <div class='ocr_carea' id='block_1_2' title="bbox 877 377 992 425">
    <p class='ocr_par' dir='ltr' id='par_1_2' title="bbox 877 377 992 425">
     <span class='ocr_line' id='line_1_2' title="bbox 877 377 992 425; baseline 0.009 -1"><span class='ocrx_word' id='word_1_6' title='bbox 877 377 992 425; x_wconf 84' lang='grc'><strong>637.</strong></span> 
     </span>
    </p>
   </div>
   <div class='ocr_carea' id='block_1_3' title="bbox 14 469 1853 699">
    <p class='ocr_par' dir='ltr' id='par_1_3' title="bbox 14 469 1853 699">
     <span class='ocr_line' id='line_1_3' title="bbox 158 469 1852 536; baseline 0.004 -17"><span class='ocrx_word' id='word_1_7' title='bbox 158 469 394 519; x_wconf 84' lang='lat' dir='ltr'>Nonnulli</span> <span class='ocrx_word' id='word_1_8' title='bbox 434 471 565 518; x_wconf 87' lang='lat' dir='ltr'>enim</span> <span class='ocrx_word' id='word_1_9' title='bbox 604 478 852 534; x_wconf 83' lang='lat' dir='ltr'><strong>tamquam</strong></span> <span class='ocrx_word' id='word_1_10' title='bbox 887 471 1133 520; x_wconf 79' lang='lat' dir='ltr'>citationis</span> <span class='ocrx_word' id='word_1_11' title='bbox 1161 479 1311 522; x_wconf 85' lang='lat' dir='ltr'>testes</span> <span class='ocrx_word' id='word_1_12' title='bbox 1338 473 1509 522; x_wconf 81' lang='lat' dir='ltr'>adesse</span> <span class='ocrx_word' id='word_1_13' title='bbox 1538 474 1748 536; x_wconf 85' lang='lat' dir='ltr'>debent,</span> <span class='ocrx_word' id='word_1_14' title='bbox 1791 494 1852 525; x_wconf 85' lang='lat' dir='ltr'>ne</span> 
     </span>
     <span class='ocr_line' id='line_1_4' title="bbox 15 553 1853 618; baseline 0.003 -16"><span class='ocrx_word' id='word_1_15' title='bbox 15 570 190 602; x_wconf 86' lang='lat' dir='ltr'>causae</span> <span class='ocrx_word' id='word_1_16' title='bbox 231 554 416 618; x_wconf 81' lang='lat' dir='ltr'>absque</span> <span class='ocrx_word' id='word_1_17' title='bbox 455 553 687 602; x_wconf 80' lang='lat' dir='ltr'>citatione</span> <span class='ocrx_word' id='word_1_18' title='bbox 726 554 775 601; x_wconf 91' lang='lat' dir='ltr'>in</span> <span class='ocrx_word' id='word_1_19' title='bbox 808 553 996 617; x_wconf 86' lang='lat' dir='ltr'>judicia</span> <span class='ocrx_word' id='word_1_20' title='bbox 1035 554 1431 617; x_wconf 80' lang='lat' dir='ltr'>introducantur,</span> <span class='ocrx_word' id='word_1_21' title='bbox 1479 558 1558 605; x_wconf 86' lang='lat' dir='ltr'>vel</span> <span class='ocrx_word' id='word_1_22' title='bbox 1598 568 1853 608; x_wconf 83' lang='lat' dir='ltr'>accusatus</span> 
     </span>
     <span class='ocr_line' id='line_1_5' title="bbox 14 636 457 699; baseline 0.002 -16"><span class='ocrx_word' id='word_1_23' title='bbox 14 653 209 685; x_wconf 85' lang='lat' dir='ltr'>causam</span> <span class='ocrx_word' id='word_1_24' title='bbox 241 636 457 699; x_wconf 81' lang='lat' dir='ltr'>effugiat.</span> 
     </span>
    </p>
   </div>
   <div class='ocr_carea' id='block_1_4' title="bbox 13 708 1849 1248">
    <p class='ocr_par' dir='ltr' id='par_1_4' title="bbox 13 708 1849 1248">
     <span class='ocr_line' id='line_1_6' title="bbox 879 708 992 757; baseline 0.027 -3"><span class='ocrx_word' id='word_1_25' title='bbox 879 708 992 757; x_wconf 80' lang='lat'><strong>638.</strong></span> 
     </span>
     <span class='ocr_line' id='line_1_7' title="bbox 156 798 1849 869; baseline 0.004 -20"><span class='ocrx_word' id='word_1_26' title='bbox 156 803 242 857; x_wconf 79' lang='grc' dir='ltr'>Εἰς</span> <span class='ocrx_word' id='word_1_27' title='bbox 267 798 362 860; x_wconf 81' lang='grc' dir='ltr'>τὴν</span> <span class='ocrx_word' id='word_1_28' title='bbox 388 802 566 850; x_wconf 74' lang='grc' dir='ltr'><em>οἰκίαν</em></span> <span class='ocrx_word' id='word_1_29' title='bbox 593 803 846 849; x_wconf 75' lang='grc' dir='ltr'><em>εἰσελθεῖν</em></span> <span class='ocrx_word' id='word_1_30' title='bbox 887 798 948 849; x_wconf 74' lang='grc' dir='ltr'>οὐ</span> <span class='ocrx_word' id='word_1_31' title='bbox 991 800 1198 851; x_wconf 71' lang='grc' dir='ltr'><em>δίκαιόν</em></span> <span class='ocrx_word' id='word_1_32' title='bbox 1237 808 1335 851; x_wconf 74' lang='grc' dir='ltr'><em>ἐστι</em></span> <span class='ocrx_word' id='word_1_33' title='bbox 1370 803 1441 868; x_wconf 71' lang='grc' dir='ltr'>μὴ</span> <span class='ocrx_word' id='word_1_34' title='bbox 1480 804 1730 869; x_wconf 78' lang='grc' dir='ltr'>παρόντος</span> <span class='ocrx_word' id='word_1_35' title='bbox 1757 806 1849 855; x_wconf 77' lang='grc' dir='ltr'>τοῦ</span> 
     </span>
     <span class='ocr_line' id='line_1_8' title="bbox 13 887 1706 953; baseline 0.005 -21"><span class='ocrx_word' id='word_1_36' title='bbox 13 887 213 949; x_wconf 72' lang='grc' dir='ltr'>κυρίου.</span> <span class='ocrx_word' id='word_1_37' title='bbox 621 887 899 949; x_wconf 83' lang='lat' dir='ltr'>(Demosth.</span> <span class='ocrx_word' id='word_1_38' title='bbox 929 888 981 936; x_wconf 91' lang='lat' dir='ltr'>in</span> <span class='ocrx_word' id='word_1_39' title='bbox 1009 889 1187 953; x_wconf 80' lang='lat' dir='ltr'>Everg.</span> <span class='ocrx_word' id='word_1_40' title='bbox 1217 897 1264 937; x_wconf 92' lang='lat' dir='ltr'>et</span> <span class='ocrx_word' id='word_1_41' title='bbox 1290 889 1495 939; x_wconf 90' lang='lat' dir='ltr'>Mnesib.</span> <span class='ocrx_word' id='word_1_42' title='bbox 1529 891 1706 951; x_wconf 84' lang='lat'><strong>1157.)</strong></span> 
     </span>
     <span class='ocr_line' id='line_1_9' title="bbox 873 996 988 1045; baseline 0.017 -2"><span class='ocrx_word' id='word_1_43' title='bbox 873 996 988 1045; x_wconf 80' lang='lat'><strong>638.</strong></span> 
     </span>
     <span class='ocr_line' id='line_1_10' title="bbox 153 1091 1482 1156; baseline 0 -16"><span class='ocrx_word' id='word_1_44' title='bbox 153 1091 209 1140; x_wconf 93' lang='lat' dir='ltr'>In</span> <span class='ocrx_word' id='word_1_45' title='bbox 237 1091 383 1140; x_wconf 84' lang='lat' dir='ltr'>aedes</span> <span class='ocrx_word' id='word_1_46' title='bbox 410 1091 602 1156; x_wconf 83' lang='lat' dir='ltr'>ingredi</span> <span class='ocrx_word' id='word_1_47' title='bbox 631 1091 835 1140; x_wconf 83' lang='lat' dir='ltr'>absente</span> <span class='ocrx_word' id='word_1_48' title='bbox 865 1091 1064 1141; x_wconf 90' lang='lat' dir='ltr'>domino</span> <span class='ocrx_word' id='word_1_49' title='bbox 1091 1092 1232 1139; x_wconf 87' lang='lat' dir='ltr'>nefas</span> <span class='ocrx_word' id='word_1_50' title='bbox 1260 1091 1482 1141; x_wconf 86' lang='lat' dir='ltr'>habetur.</span> 
     </span>
     <span class='ocr_line' id='line_1_11' title="bbox 877 1200 992 1248; baseline 0.017 -2"><span class='ocrx_word' id='word_1_51' title='bbox 877 1200 992 1248; x_wconf 87' lang='lat'><strong>639.</strong></span> 
     </span>
    </p>
   </div>
   <div class='ocr_carea' id='block_1_5' title="bbox 7 1287 1851 1813">
    <p class='ocr_par' dir='ltr' id='par_1_5' title="bbox 9 1287 1851 1528">
     <span class='ocr_line' id='line_1_12' title="bbox 146 1287 1851 1357; baseline 0.002 -18"><span class='ocrx_word' id='word_1_52' title='bbox 146 1288 523 1356; x_wconf 75' lang='grc' dir='ltr'><em>Ἀπρόσκλητος</em></span> <span class='ocrx_word' id='word_1_53' title='bbox 573 1290 689 1350; x_wconf 76' lang='grc' dir='ltr'><em>δίκη</em></span> <span class='ocrx_word' id='word_1_54' title='bbox 737 1296 874 1340; x_wconf 69' lang='grc' dir='ltr'><em>ἐστὶν</em></span> <span class='ocrx_word' id='word_1_55' title='bbox 915 1287 939 1352; x_wconf 78' lang='grc' dir='ltr'><em>ἦ</em></span> <span class='ocrx_word' id='word_1_56' title='bbox 975 1290 1045 1355; x_wconf 68' lang='grc' dir='ltr'>μὴ</span> <span class='ocrx_word' id='word_1_57' title='bbox 1086 1292 1317 1353; x_wconf 68' lang='grc' dir='ltr'><em>τυχοῦσα</em></span> <span class='ocrx_word' id='word_1_58' title='bbox 1364 1294 1463 1341; x_wconf 74' lang='grc' dir='ltr'>τῶν</span> <span class='ocrx_word' id='word_1_59' title='bbox 1515 1296 1851 1357; x_wconf 71' lang='grc' dir='ltr'><em>καλουμένων</em></span> 
     </span>
     <span class='ocr_line' id='line_1_13' title="bbox 9 1371 1850 1440; baseline 0.001 -17"><span class='ocrx_word' id='word_1_60' title='bbox 9 1375 271 1440; x_wconf 74' lang='grc' dir='ltr'>κλητόρων</span> <span class='ocrx_word' id='word_1_61' title='bbox 310 1373 442 1423; x_wconf 73' lang='grc' dir='ltr'><em>κατὰ</em></span> <span class='ocrx_word' id='word_1_62' title='bbox 481 1373 578 1423; x_wconf 77' lang='grc' dir='ltr'>τόν</span> <span class='ocrx_word' id='word_1_63' title='bbox 617 1375 809 1438; x_wconf 81' lang='grc' dir='ltr'><em>νόμον,</em></span> <span class='ocrx_word' id='word_1_64' title='bbox 866 1371 894 1434; x_wconf 65' lang='grc' dir='ltr'><em>ἢ</em></span> <span class='ocrx_word' id='word_1_65' title='bbox 942 1379 1032 1423; x_wconf 81' lang='grc' dir='ltr'>καὶ</span> <span class='ocrx_word' id='word_1_66' title='bbox 1075 1373 1155 1423; x_wconf 75' lang='grc' dir='ltr'>διὰ</span> <span class='ocrx_word' id='word_1_67' title='bbox 1195 1375 1350 1424; x_wconf 78' lang='grc' dir='ltr'><em>τοῦτο</em></span> <span class='ocrx_word' id='word_1_68' title='bbox 1392 1372 1496 1425; x_wconf 72' lang='grc' dir='ltr'>οὔκ</span> <span class='ocrx_word' id='word_1_69' title='bbox 1536 1381 1672 1426; x_wconf 72' lang='grc' dir='ltr'><em>ἐστιν</em></span> <span class='ocrx_word' id='word_1_70' title='bbox 1711 1380 1850 1425; x_wconf 77' lang='grc' dir='ltr'><em>εἰσα-</em></span> 
     </span>
     <span class='ocr_line' id='line_1_14' title="bbox 9 1458 1705 1528; baseline 0.002 -21"><span class='ocrx_word' id='word_1_71' title='bbox 9 1458 242 1527; x_wconf 73' lang='grc' dir='ltr'>γώγιμος.</span> <span class='ocrx_word' id='word_1_72' title='bbox 851 1462 1076 1522; x_wconf 85' lang='lat' dir='ltr'>(Bekker</span> <span class='ocrx_word' id='word_1_73' title='bbox 1102 1462 1290 1510; x_wconf 88' lang='lat' dir='ltr'>Anecd.</span> <span class='ocrx_word' id='word_1_74' title='bbox 1320 1479 1391 1526; x_wconf 81' lang='lat' dir='ltr'>gr.</span> <span class='ocrx_word' id='word_1_75' title='bbox 1421 1464 1455 1511; x_wconf 93' lang='grc' dir='ltr'>Ι.</span> <span class='ocrx_word' id='word_1_76' title='bbox 1485 1481 1532 1528; x_wconf 91' lang='lat' dir='ltr'>p.</span> <span class='ocrx_word' id='word_1_77' title='bbox 1566 1463 1705 1522; x_wconf 84' lang='lat'><strong>199.)</strong></span> 
     </span>
    </p>

    <p class='ocr_par' dir='ltr' id='par_1_6' title="bbox 7 1663 1847 1813">
     <span class='ocr_line' id='line_1_15' title="bbox 149 1663 1847 1729; baseline 0.001 -17"><span class='ocrx_word' id='word_1_78' title='bbox 149 1663 260 1712; x_wconf 88' lang='lat' dir='ltr'>Non</span> <span class='ocrx_word' id='word_1_79' title='bbox 286 1664 433 1712; x_wconf 85' lang='lat' dir='ltr'>citata</span> <span class='ocrx_word' id='word_1_80' title='bbox 460 1665 584 1712; x_wconf 85' lang='lat' dir='ltr'>actio</span> <span class='ocrx_word' id='word_1_81' title='bbox 614 1673 711 1724; x_wconf 79' lang='lat' dir='ltr'>est,</span> <span class='ocrx_word' id='word_1_82' title='bbox 754 1681 876 1728; x_wconf 83' lang='lat' dir='ltr'>quae</span> <span class='ocrx_word' id='word_1_83' title='bbox 918 1672 1051 1712; x_wconf 82' lang='lat' dir='ltr'>caret</span> <span class='ocrx_word' id='word_1_84' title='bbox 1076 1664 1185 1727; x_wconf 81' lang='lat' dir='ltr'>lege</span> <span class='ocrx_word' id='word_1_85' title='bbox 1212 1665 1528 1729; x_wconf 77' lang='lat' dir='ltr'>praescriptis</span> <span class='ocrx_word' id='word_1_86' title='bbox 1557 1665 1847 1729; x_wconf 84' lang='lat' dir='ltr'>apparitori-</span> 
     </span>
     <span class='ocr_line' id='line_1_16' title="bbox 7 1747 1300 1813; baseline 0.002 -19"><span class='ocrx_word' id='word_1_87' title='bbox 7 1747 125 1808; x_wconf 82' lang='lat' dir='ltr'>bus,</span> <span class='ocrx_word' id='word_1_88' title='bbox 154 1747 363 1813; x_wconf 87' lang='lat' dir='ltr'>ideoque</span> <span class='ocrx_word' id='word_1_89' title='bbox 391 1765 488 1796; x_wconf 88' lang='lat' dir='ltr'>non</span> <span class='ocrx_word' id='word_1_90' title='bbox 515 1756 681 1813; x_wconf 84' lang='lat' dir='ltr'>potest</span> <span class='ocrx_word' id='word_1_91' title='bbox 706 1749 754 1796; x_wconf 89' lang='lat' dir='ltr'>in</span> <span class='ocrx_word' id='word_1_92' title='bbox 775 1748 1018 1813; x_wconf 83' lang='lat' dir='ltr'>judicium</span> <span class='ocrx_word' id='word_1_93' title='bbox 1045 1747 1300 1796; x_wconf 84' lang='lat' dir='ltr'>introduci.</span> 
     </span>
    </p>
   </div>
   <div class='ocr_carea' id='block_1_6' title="bbox 6 1933 1836 2786">
    <p class='ocr_par' dir='ltr' id='par_1_7' title="bbox 6 1933 1836 2691">
     <span class='ocr_line' id='line_1_17' title="bbox 816 1933 1058 1993; baseline 0 -17"><span class='ocrx_word' id='word_1_94' title='bbox 816 1933 963 1993; x_wconf 73' lang='grc' dir='ltr'>ΑΜέρος</span> <span class='ocrx_word' id='word_1_95' title='bbox 997 1936 1058 1976; x_wconf 79' lang='grc' dir='ltr'>δ’.</span> 
     </span>
     <span class='ocr_line' id='line_1_18' title="bbox 609 2012 1234 2072; baseline -0.003 -12"><span class='ocrx_word' id='word_1_96' title='bbox 609 2012 961 2072; x_wconf 71' lang='grc' dir='ltr'>”Εγκλημα</span> <span class='ocrx_word' id='word_1_97' title='bbox 1025 2017 1234 2068; x_wconf 80' lang='grc' dir='ltr'><em>δίκης.</em></span> 
     </span>
     <span class='ocr_line' id='line_1_19' title="bbox 814 2173 1040 2214; baseline 0 0"><span class='ocrx_word' id='word_1_98' title='bbox 814 2173 955 2214; x_wconf 84' lang='lat' dir='ltr'>Pars</span> <span class='ocrx_word' id='word_1_99' title='bbox 1000 2174 1040 2214; x_wconf 95' lang='lat'><strong>4.</strong></span> 
     </span>
     <span class='ocr_line' id='line_1_20' title="bbox 472 2258 1376 2301; baseline -0.003 -1"><span class='ocrx_word' id='word_1_100' title='bbox 472 2258 795 2301; x_wconf 86' lang='lat' dir='ltr'>Libellus</span> <span class='ocrx_word' id='word_1_101' title='bbox 858 2258 1376 2300; x_wconf 78' lang='lat' dir='ltr'>accusatorius.</span> 
     </span>
     <span class='ocr_line' id='line_1_21' title="bbox 870 2370 985 2418; baseline 0.017 -2"><span class='ocrx_word' id='word_1_102' title='bbox 870 2370 985 2418; x_wconf 84' lang='lat'><strong>640.</strong></span> 
     </span>
     <span class='ocr_line' id='line_1_22' title="bbox 137 2455 1836 2531; baseline -0.003 -21"><span class='ocrx_word' id='word_1_103' title='bbox 137 2457 205 2512; x_wconf 75' lang='lat' dir='ltr'>‘O</span> <span class='ocrx_word' id='word_1_104' title='bbox 232 2461 404 2520; x_wconf 71' lang='grc' dir='ltr'><em>διδούς</em></span> <span class='ocrx_word' id='word_1_105' title='bbox 429 2461 521 2522; x_wconf 75' lang='grc' dir='ltr'>τὴν</span> <span class='ocrx_word' id='word_1_106' title='bbox 556 2460 759 2530; x_wconf 70' lang='grc' dir='ltr'><em>γραφὴν</em></span> <span class='ocrx_word' id='word_1_107' title='bbox 799 2465 1159 2531; x_wconf 73' lang='grc' dir='ltr'><em>προσγραφέτω</em></span> <span class='ocrx_word' id='word_1_108' title='bbox 1200 2458 1276 2509; x_wconf 80' lang='grc' dir='ltr'>ὅτι</span> <span class='ocrx_word' id='word_1_109' title='bbox 1319 2458 1616 2526; x_wconf 63' lang='grc' dir='ltr'>ᾖκατηγορῶ</span> <span class='ocrx_word' id='word_1_110' title='bbox 1656 2455 1806 2506; x_wconf 75' lang='grc' dir='ltr'><em>τοῦδε</em></span> <span class='ocrx_word' id='word_1_111' title='bbox 1824 2496 1836 2515; x_wconf 91' lang='grc'>,</span> 
     </span>
     <span class='ocr_line' id='line_1_23' title="bbox 6 2543 1178 2612; baseline 0.003 -20"><span class='ocrx_word' id='word_1_112' title='bbox 6 2548 93 2594; x_wconf 75' lang='grc' dir='ltr'>καὶ</span> <span class='ocrx_word' id='word_1_113' title='bbox 122 2547 509 2612; x_wconf 70' lang='grc' dir='ltr'><em>προσκαλοῦμαι</em></span> <span class='ocrx_word' id='word_1_114' title='bbox 541 2544 704 2594; x_wconf 79' lang='grc' dir='ltr'><em>αὐτὸν</em></span> <span class='ocrx_word' id='word_1_115' title='bbox 733 2543 812 2593; x_wconf 72' lang='grc' dir='ltr'>δια</span> <span class='ocrx_word' id='word_1_116' title='bbox 843 2545 935 2593; x_wconf 77' lang='grc' dir='ltr'>τοῦ</span> <span class='ocrx_word' id='word_1_117' title='bbox 966 2544 1178 2600; x_wconf 51' lang='grc' dir='ltr'><em>δεῖνοςίζ.</em></span> 
     </span>
     <span class='ocr_line' id='line_1_24' title="bbox 725 2626 1696 2691; baseline -0.007 -12"><span class='ocrx_word' id='word_1_118' title='bbox 725 2630 913 2691; x_wconf 83' lang='lat' dir='ltr'>(Schol.</span> <span class='ocrx_word' id='word_1_119' title='bbox 940 2632 991 2679; x_wconf 89' lang='lat' dir='ltr'>in</span> <span class='ocrx_word' id='word_1_120' title='bbox 1017 2630 1270 2680; x_wconf 86' lang='lat' dir='ltr'>Demosth.</span> <span class='ocrx_word' id='word_1_121' title='bbox 1298 2628 1414 2677; x_wconf 86' lang='lat' dir='ltr'>Mid.</span> <span class='ocrx_word' id='word_1_122' title='bbox 1445 2627 1558 2688; x_wconf 81' lang='lat'><strong>542,</strong></span> <span class='ocrx_word' id='word_1_123' title='bbox 1591 2626 1696 2685; x_wconf 85' lang='lat'><strong>19.)</strong></span> 
     </span>
    </p>

    <p class='ocr_par' dir='ltr' id='par_1_8' title="bbox 869 2738 983 2786">
     <span class='ocr_line' id='line_1_25' title="bbox 869 2738 983 2786; baseline 0.009 -1"><span class='ocrx_word' id='word_1_124' title='bbox 869 2738 983 2786; x_wconf 82' lang='lat'><strong>640.</strong></span> 
     </span>
    </p>
   </div>
   <div class='ocr_carea' id='block_1_7' title="bbox 144 2828 1838 2896">
    <p class='ocr_par' dir='ltr' id='par_1_9' title="bbox 144 2828 1838 2896">
     <span class='ocr_line' id='line_1_26' title="bbox 144 2828 1838 2896; baseline -0.004 -13"><span class='ocrx_word' id='word_1_125' title='bbox 144 2834 241 2896; x_wconf 78' lang='lat' dir='ltr'>Qui</span> <span class='ocrx_word' id='word_1_126' title='bbox 266 2835 489 2883; x_wconf 86' lang='lat' dir='ltr'>libellum</span> <span class='ocrx_word' id='word_1_127' title='bbox 515 2841 852 2882; x_wconf 85' lang='lat' dir='ltr'>accusatorum</span> <span class='ocrx_word' id='word_1_128' title='bbox 878 2832 1048 2893; x_wconf 82' lang='lat' dir='ltr'>tradit,</span> <span class='ocrx_word' id='word_1_129' title='bbox 1077 2831 1352 2880; x_wconf 81' lang='lat' dir='ltr'>adscribat:</span> <span class='ocrx_word' id='word_1_130' title='bbox 1396 2845 1605 2890; x_wconf 77' lang='lat' dir='ltr'>„accuso</span> <span class='ocrx_word' id='word_1_131' title='bbox 1633 2828 1763 2877; x_wconf 91' lang='lat' dir='ltr'>hunc</span> <span class='ocrx_word' id='word_1_132' title='bbox 1791 2836 1838 2876; x_wconf 87' lang='lat' dir='ltr'>et</span> 
     </span>
    </p>
   </div>
   <div class='ocr_carea' id='block_1_8' title="bbox 3 2915 891 2983">
    <p class='ocr_par' dir='ltr' id='par_1_10' title="bbox 3 2915 891 2983">
     <span class='ocr_line' id='line_1_27' title="bbox 3 2915 891 2983; baseline 0 -18"><span class='ocrx_word' id='word_1_133' title='bbox 3 2915 52 2966; x_wconf 87' lang='lat' dir='ltr'>in</span> <span class='ocrx_word' id='word_1_134' title='bbox 69 2919 151 2983; x_wconf 89' lang='lat' dir='ltr'>jus</span> <span class='ocrx_word' id='word_1_135' title='bbox 177 2936 302 2968; x_wconf 91' lang='lat' dir='ltr'>voco</span> <span class='ocrx_word' id='word_1_136' title='bbox 331 2936 441 2966; x_wconf 88' lang='lat' dir='ltr'>eum</span> <span class='ocrx_word' id='word_1_137' title='bbox 468 2935 555 2983; x_wconf 89' lang='lat' dir='ltr'>per</span> <span class='ocrx_word' id='word_1_138' title='bbox 580 2917 891 2981; x_wconf 86' lang='lat' dir='ltr'>quemdam.“</span> 
     </span>
    </p>
   </div>
   <div class='ocr_carea' id='block_1_9' title="bbox 6 3025 1835 3357">
    <p class='ocr_par' dir='ltr' id='par_1_11' title="bbox 6 3025 1835 3357">
     <span class='ocr_line' id='line_1_28' title="bbox 860 3025 976 3073; baseline 0.009 -1"><span class='ocrx_word' id='word_1_139' title='bbox 860 3025 976 3073; x_wconf 87' lang='grc'><strong>641.</strong></span> 
     </span>
     <span class='ocr_line' id='line_1_29' title="bbox 148 3109 1835 3183; baseline -0.004 -17"><span class='ocrx_word' id='word_1_140' title='bbox 148 3116 303 3183; x_wconf 73' lang='grc' dir='ltr'><em>Παροὲ</em></span> <span class='ocrx_word' id='word_1_141' title='bbox 353 3118 548 3175; x_wconf 78' lang='grc' dir='ltr'><em>πάντας</em></span> <span class='ocrx_word' id='word_1_142' title='bbox 585 3116 706 3175; x_wconf 75' lang='grc' dir='ltr'>τούς</span> <span class='ocrx_word' id='word_1_143' title='bbox 745 3117 937 3183; x_wconf 80' lang='grc' dir='ltr'><em>νόμους</em></span> <span class='ocrx_word' id='word_1_144' title='bbox 982 3118 1122 3173; x_wconf 79' lang='grc' dir='ltr'><em>ἐστὶ,</em></span> <span class='ocrx_word' id='word_1_145' title='bbox 1172 3112 1392 3178; x_wconf 69' lang='grc' dir='ltr'><em>κλητῆρα</em></span> <span class='ocrx_word' id='word_1_146' title='bbox 1438 3110 1549 3162; x_wconf 78' lang='grc' dir='ltr'><em>οὐδ’</em></span> <span class='ocrx_word' id='word_1_147' title='bbox 1590 3109 1835 3162; x_wconf 53' lang='lat' dir='ltr'>&amp;marom</span> 
     </span>
     <span class='ocr_line' id='line_1_30' title="bbox 6 3199 1694 3268; baseline -0.001 -20"><span class='ocrx_word' id='word_1_148' title='bbox 6 3201 399 3268; x_wconf 71' lang='grc' dir='ltr'><em>ἐπιγράψασθαι.</em></span> <span class='ocrx_word' id='word_1_149' title='bbox 924 3201 1203 3263; x_wconf 85' lang='lat' dir='ltr'>(Demosth.</span> <span class='ocrx_word' id='word_1_150' title='bbox 1231 3200 1281 3248; x_wconf 89' lang='lat' dir='ltr'>in</span> <span class='ocrx_word' id='word_1_151' title='bbox 1306 3199 1520 3249; x_wconf 84' lang='lat' dir='ltr'>Midiam.</span> <span class='ocrx_word' id='word_1_152' title='bbox 1550 3199 1694 3258; x_wconf 79' lang='lat'><strong>542.)</strong></span> 
     </span>
     <span class='ocr_line' id='line_1_31' title="bbox 858 3310 973 3357; baseline 0.009 -1"><span class='ocrx_word' id='word_1_153' title='bbox 858 3310 973 3357; x_wconf 83' lang='lat'><strong>641.</strong></span> 
     </span>
    </p>
   </div>
   <div class='ocr_carea' id='block_1_10' title="bbox 146 3390 1629 3457">
    <p class='ocr_par' dir='ltr' id='par_1_12' title="bbox 146 3390 1629 3457">
     <span class='ocr_line' id='line_1_32' title="bbox 146 3390 1629 3457; baseline -0.002 -15"><span class='ocrx_word' id='word_1_154' title='bbox 146 3390 330 3444; x_wconf 82' lang='lat' dir='ltr'>Contra</span> <span class='ocrx_word' id='word_1_155' title='bbox 356 3412 524 3445; x_wconf 79' lang='lat' dir='ltr'>omnes</span> <span class='ocrx_word' id='word_1_156' title='bbox 551 3394 686 3457; x_wconf 81' lang='lat' dir='ltr'>leges</span> <span class='ocrx_word' id='word_1_157' title='bbox 714 3400 812 3455; x_wconf 86' lang='lat' dir='ltr'>est,</span> <span class='ocrx_word' id='word_1_158' title='bbox 840 3391 1029 3442; x_wconf 87' lang='lat' dir='ltr'>nullum</span> <span class='ocrx_word' id='word_1_159' title='bbox 1057 3391 1311 3439; x_wconf 83' lang='lat' dir='ltr'>citatorem</span> <span class='ocrx_word' id='word_1_160' title='bbox 1338 3390 1629 3441; x_wconf 83' lang='lat' dir='ltr'>adscribere.</span> 
     </span>
    </p>
   </div>
  </div>
 </body>
</html>
