2161 3673
919 226 1151 259 SENATUS.
1891 216 1920 264 2
1933 214 1951 261 Ι

998 352 1080 402 75.

258 436 404 485 Juret
440 441 603 484 autem
636 441 834 484 senator
862 442 910 483 et
935 435 1082 485 haec:
1125 451 1315 500 „neque
1355 435 1568 484 vinciam
1608 438 1762 486 ullum
1803 436 1951 487 Athe-

118 519 364 579 niensem,
414 518 495 583 qui
535 535 798 583 sponsores
838 519 1028 568 dederit
1067 527 1166 569 tres
1206 518 1426 584 ejusdem
1461 535 1664 581 census,
1714 520 1807 569 nisi
1847 521 1953 586 quis

117 602 179 652 ad
206 601 378 651 urbem
403 600 710 666 prodendam
735 610 819 652 aut
845 603 1140 668 popularem
1178 609 1358 652 statum
1384 603 1732 666 abrogandum
1758 605 1951 669 conspi-

116 685 300 734 ravisse
327 685 582 734 convictus
608 685 684 746 sit,
701 693 785 735 aut
811 687 903 736 nisi
930 687 1037 753 quis
1064 695 1257 753 emptor
1283 687 1600 751 vectigalium
1628 696 1711 736 aut
1740 707 1952 754 sponsor

115 767 219 832 ejus
245 774 328 818 aut
354 768 588 818 collector
616 769 880 834 pecuniam
906 788 1006 819 non
1032 771 1349 820 numerarit.“

245 951 335 1004 Ἐν
362 956 432 1021 τῷ
459 957 780 1023 βουλευτικῷ
822 955 962 1022 ὅρκῳ
1003 959 1126 1006 ἔστω
1164 961 1253 1005 καὶ
1293 955 1425 1004 κατὰ
1459 956 1578 1014 τούς
1606 957 1792 1022 νόμους
1817 962 1946 1023 [3012

109 1036 318 1088 λεύσειν.
905 1044 1215 1110 (Xenophon
1242 1044 1507 1091 memorab.
1538 1045 1574 1103 l,
1605 1044 1648 1105 1,
1680 1045 1803 1104 18).

251 1235 308 1283 In
335 1235 439 1284 iure
465 1236 673 1285 iurando
699 1243 984 1285 senatorum
1023 1234 1331 1284 contineatur
1370 1234 1541 1295 etiam,
1584 1253 1632 1283 se
1673 1236 1943 1285 secundum

108 1317 242 1381 leges
270 1318 637 1367 deliberaturos.
985 1389 1051 1436 77

248 1468 547 1533 Καὶμηδένα
564 1468 685 1533 μήτε
706 1470 882 1534 ἐξδλᾷν
902 1468 1029 1533 μήτε
1058 1468 1225 1529 δήσειν
1245 1469 1365 1533 μήτε
1395 1468 1699 1519 ἀποκτενεῖν
1714 1466 1939 1535 ἄκριτον,

1005 1555 1268 1617 (Andocid.
1299 1574 1337 1605 c.
1367 1556 1604 1607 Alcibiad.
1636 1554 1679 1622 ξ.
1708 1557 1796 1616 3.).

981 1661 1061 1711 77.

240 1746 413 1811 Neque
442 1745 638 1794 civitate
666 1745 927 1810 quemdam
965 1764 1072 1795 esse
1113 1747 1360 1812 ejecturos
1400 1764 1557 1812 neque
1587 1747 1636 1796 in
1666 1749 1939 1798 custodiam

104 1828 302 1877 daturos
328 1846 488 1894 neque
517 1836 736 1878 extremo
768 1828 1011 1895 supplicio
1040 1846 1188 1877 causa
1214 1847 1315 1877 non
1343 1829 1510 1878 audit-a
1537 1831 1829 1882 addictur-os.

980 1940 1060 1988 78.

242 2021 341 2066 Καὶ
382 2014 602 2082 ὄμνυσιν
644 2018 670 2079 ἦ
708 2020 869 2084 βουλή
909 2020 1240 2070 καδεδδῖσθαι
1274 2028 1328 2072 ἐν
1366 2023 1437 2087 τῷ
1477 2022 1762 2090 γράμματι,
1804 2017 1843 2088 ᾧ
1872 2022 1937 2073 ἂν

98 2099 298 2163 λάχωσι.
836 2106 1027 2166 (Schol.
1054 2109 1104 2157 in
1132 2107 1448 2174 Aristophan.
1476 2109 1602 2158 Plut.
1632 2109 1791 2169 972).

976 2214 1056 2264 78.

237 2292 501 2343 Senatores
527 2295 688 2344 iurant
709 2296 881 2356 etiam,
910 2315 960 2346 se
989 2315 1047 2347 eo
1075 2298 1273 2357 ordine,
1301 2317 1444 2364 quem
1472 2300 1639 2349 literae
1668 2318 1771 2349 sors
1799 2301 1932 2349 attri-

94 2376 270 2438 buerit,
298 2378 346 2425 in
376 2384 549 2427 senatu
575 2395 797 2428 sessuros
825 2397 946 2430 esse.

218 2537 444 2606 '‘quvot
473 2541 522 2591 δὲ
554 2538 578 2603 ἦ
607 2543 768 2608 βουλή
801 2539 824 2604 ἦ
858 2542 933 2593 ἀεὶ
961 2544 1314 2609 βουλὲύουσα·
1360 2549 1492 2611 »Καὶ
1523 2544 1582 2595 οὐ
1614 2545 1812 2610 δέξομαι
1844 2549 1927 2596 ἔν-

89 2623 245 2684 δειξιν
285 2623 403 2675 οὐδὲ
446 2624 732 2695 ἀπαγωγήν
769 2632 919 2677 ἕνεκα
962 2628 1065 2676 τῶν
1103 2627 1346 2694 πρότερον
1384 2634 1751 2697 γὲγὲνημὲνων,
1799 2630 1929 2691 πλὴν

86 2707 194 2757 τῶν
218 2708 542 2777 φυγόντων.“
974 2714 1245 2776 (Andocid.
1275 2715 1333 2764 de
1361 2722 1559 2781 myster.
1588 2713 1630 2781 ξ.
1661 2717 1783 2778 91.).

225 2915 359 2963 Iurat
384 2914 502 2963 item
528 2923 755 2966 senatus:
797 2935 992 2984 „neque
1031 2918 1288 2967 admittam
1314 2918 1560 2968 actionem
1586 2920 1922 2970 denunciatio-

84 2996 158 3045 nis
184 2997 263 3047 vel
289 2997 600 3047 abductionis
629 2998 688 3046 de
716 3000 925 3049 antehac
952 3001 1108 3061 factis,
1133 3009 1481 3066 praeterquam
1506 3010 1681 3052 contra
1707 3004 1919 3054 exules.“

217 3191 296 3244 ‘H
314 3199 381 3261 βο
394 3196 481 3257 uh}-
511 3204 622 3246 κατ’
652 3199 890 3249 ἐνιαυτὸν
917 3199 1175 3265 ἇμείβὲται
1195 3239 1207 3259 ,
1245 3206 1305 3251 ἐκ
1342 3207 1693 3253 πδντακοσίων
1719 3204 1918 3269 ἀνδρῶν

83 3277 189 3327 τῶν
214 3278 306 3340 τήν
331 3281 674 3346 βουλευτικὴν
700 3278 910 3343 ἡλικίαν
936 3283 1168 3351 ἀγόντων
1194 3291 1539 3351 συνισταμένη.

397 3368 620 3430 (Libanii
649 3386 840 3436 argum.
867 3369 917 3418 in
942 3370 1197 3421 Demosth.
1224 3388 1264 3421 c.
1290 3370 1582 3423 Androtion.
1613 3374 1771 3434 5870.
