2114 3642
192 202 293 257 514
694 214 1102 250 COMMENTARIUS
1132 214 1199 245 An
1228 213 1309 247 7⁴63.
1341 209 1421 248 765.
1454 214 1535 250 766.

330 349 468 399 Idem
497 347 760 397 scholiasta
786 342 905 390 dicit
931 341 1213 406 epobeliam
1244 343 1432 391 aerario
1472 343 1622 391 fuisse
1656 343 1881 391 solutam.
1933 339 2030 391 Sed

188 422 361 497 reliqui
388 433 548 480 fontes
576 435 744 493 aperte
772 431 1041 484 testantur,
1079 425 1437 489 rempublicam
1465 443 1523 474 ex
1552 426 1780 490 epobelia
1807 425 1925 473 nihil
1952 442 2029 473 ac-

186 515 404 580 cepisse,
445 513 673 574 illamque
714 507 913 557 nonnisi
953 507 1002 554 in
1042 507 1248 571 privatis
1286 507 1451 557 litibus
1480 509 1629 557 fuisse
1658 509 1881 557 solutam.
1934 509 2026 556 Po-

185 605 280 646 test
306 605 470 645 tamen
500 593 779 642 Scholiasta
805 590 865 639 de
893 589 1066 638 seriori
1093 590 1226 652 loqui
1255 598 1429 640 aetate.

971 729 1071 782 Ad
1099 730 1252 783 763.

326 844 487 893 Schol.
514 843 565 891 in
592 841 843 890 Demosth.
872 840 988 889 Mid.
1020 840 1135 901 540,
1164 840 1258 888 23:
1299 839 1367 886 Εἴ
1387 859 1459 894 τις
1487 838 1911 905 ἐκπροθεσμήσειε
1938 843 2028 889 καὶ

177 924 248 991 μή
279 923 567 990 καταβάλοι
595 923 683 980 τάς
711 922 888 980 δίκας,
930 927 1115 981 ἐξεῖναι
1143 919 1392 970 ἅπτεσθαι
1424 920 1588 971 αὐτοῦ
1616 923 1718 972 τῶν
1745 922 2030 988 κτημάτων.

183 1011 261 1072 (Si
287 1012 394 1076 quis
422 1010 552 1058 diem
579 1019 915 1073 transgressus
954 1008 1102 1057 fuerit
1141 1015 1189 1056 et
1227 1008 1433 1056 mulctas
1476 1026 1575 1056 non
1616 1009 1844 1069 solverit,
1884 1010 2030 1058 liceat

182 1095 520 1159 possessiones
547 1094 701 1159 ipsius
728 1092 1079 1158 prehendere.)

323 1188 559 1238 Suidas
599 1207 634 1237 s.
666 1207 709 1236 v.
748 1184 1085 1249 Χρὴσασθαι.·
1124 1186 1296 1235 Mutuo
1335 1186 1451 1235 dare
1491 1185 1735 1249 (χρῆσαι)
1774 1188 1924 1237 satius
1958 1195 2031 1236 est

182 1290 329 1337 quam
357 1273 517 1321 fenori
545 1272 660 1320 dare
690 1268 1004 1334 (δανεῖσαι);
1044 1288 1158 1318 nam
1196 1269 1316 1318 illud
1357 1271 1488 1319 inter
1525 1272 1706 1320 amicos
1746 1272 1910 1319 locum
1945 1270 2029 1319 ha-

182 1357 292 1418 bet,
333 1356 613 1405 feneramur
639 1373 755 1403 vero
783 1355 995 1404 cuilibet.

323 1439 495 1488 Idem
523 1456 558 1486 s.
590 1458 633 1488 v.
663 1435 918 1501 Χρήστης;
964 1439 1057 1486 hoc
1099 1438 1273 1486 dicitur
1299 1444 1396 1486 tam
1425 1438 1485 1486 de
1513 1437 1598 1486 illo
1625 1439 1707 1504 qui
1735 1438 1892 1487 fenori
1920 1437 2029 1498 dat,

182 1541 329 1587 quam
357 1523 437 1586 qui
467 1523 634 1570 fenore
663 1522 852 1587 accipit,
904 1521 1262 1586 Aristophanes
1302 1528 1467 1568 autem
1506 1517 1740 1582 Χρήστας
1780 1530 1924 1569 vocat
1963 1521 2030 1569 fe·

180 1615 455 1668 neratores3
484 1605 756 1653 communis
784 1601 914 1653 enim
943 1623 1058 1653 usus
1086 1603 1317 1669 loquendi
1348 1604 1593 1652 debitores
1622 1605 1691 1652 sic
1721 1604 1850 1652 dicit.
1880 1603 2028 1653 Athe-

181 1691 376 1738 nienses
411 1706 528 1737 vero
569 1688 836 1737 creditores
876 1696 1056 1737 vocant
1082 1683 1340 1749 Χρὴστας,
1382 1686 1632 1735 debitores
1659 1696 1823 1736 autem
1849 1689 2030 1749 Χρεω-

181 1774 423 1833 φειλέτας.
476 1772 771 1837 Phooylides
799 1779 962 1820 autem
991 1771 1262 1819 secundum
1289 1787 1600 1818 communem
1628 1770 1861 1834 loquendi
1888 1788 2030 1819 usum

181 1858 428 1907 debitores
458 1864 617 1905 vocat.

324 1941 505 1989 Lexica
543 1938 850 2001 Segueriana
889 1958 935 2004 p.
977 1940 1078 1986 2-19
1121 1939 1400 2002 ingressum
1443 1937 1700 1986 creditoris
1740 1938 1788 1985 in
1832 1937 2028 1987 domum

181 2024 414 2074 debitoris
443 2024 721 2085 ἐμβατείαν
749 2031 796 2071 et
823 2019 1080 2085 ἐμβαδίαν
1108 2030 1302 2072 vocant.

962 2163 1061 2216 Ad
1094 2164 1247 2216 765.

325 2276 380 2326 Id
421 2284 495 2324 est
531 2275 798 2340 inquilinus
838 2292 938 2322 non
978 2275 1136 2340 potuit
1176 2274 1359 2323 fundos
1388 2281 1435 2322 et
1460 2273 1633 2331 aedeS,
1674 2274 1815 2322 titulo
1843 2274 2024 2333 mutui,

181 2377 271 2425 pro
299 2377 349 2407 se
377 2376 632 2424 occupare.
686 2359 844 2406 Locus
884 2357 1262 2417 Demosthenis,
1303 2357 1434 2405 unde
1475 2357 1626 2405 verba
1662 2354 1783 2420 legis
1812 2357 2024 2417 extraxi,

180 2444 248 2491 ita
274 2461 324 2491 se
351 2443 526 2491 habet:
563 2437 919 2503 μισθούμενος
959 2433 1057 2486 οὖν
1097 2434 1182 2485 ὅδε
1227 2435 1322 2495 τὴν
1354 2439 1596 2505 ἐργασίαν
1637 2434 1800 2495 αὐτὴν
1826 2436 1917 2496 τὴν
1942 2437 2026 2496 τῆς

181 2527 416 2586 τραπέζης
450 2543 539 2570 και
567 2542 655 2577 τας
682 2519 1122 2584 παοακαταθήκας
1149 2519 1458 2585 λαμβάνων,
1501 2515 1631 2585 ορῶν
1675 2517 1776 2568 ὅτι
1795 2559 1807 2578 ,
1844 2519 2026 2581 μήπω

181 2606 290 2665 τῆς
343 2608 688 2660 πολιτείας
741 2599 917 2652 auro»
970 2608 1106 2668 παυ’
1151 2599 1310 2652 υμῖν
1361 2600 1589 2664 Οὗσης,
1645 2601 1774 2665 οὐχ
1826 2600 2025 2659 οιόςῑ’

185 2691 380 2737 ἔσοιτ’
433 2687 865 2753 εἰσπράττειν
915 2685 1032 2736 ὅσα
1075 2692 1351 2736 Πασίων
1389 2692 1412 2736 ἑ
1431 2692 1495 2735 πὶ
1535 2707 1610 2755 γη
1650 2707 1761 2735 και
1802 2704 2023 2735 συνοι-

186 2793 221 2818 x
237 2776 253 2819 ί
271 2793 299 2819 α
314 2794 327 2820 ι
346 2794 367 2828 ς
406 2773 435 2820 δ
450 2793 470 2821 ε
487 2774 516 2820 ὸ
530 2793 559 2820 α
579 2792 606 2821 ν
622 2793 642 2820 e
659 2793 672 2819 ι
696 2793 731 2819 κ
746 2793 782 2819 ω
802 2794 823 2828 ς
862 2767 888 2830 ἧ
907 2791 947 2822 ν.
990 2774 1111 2833 (Hic
1138 2775 1288 2837 igitur
1314 2791 1512 2823 mensae
1540 2781 1747 2838 quaestu
1773 2773 1881 2839 ipso
1908 2790 2023 2821 con-

185 2858 330 2906 ducto
357 2866 404 2906 et
431 2867 633 2923 accepto
661 2859 910 2923 deposito,
953 2876 1103 2922 quum
1144 2858 1335 2907 viderat
1375 2875 1451 2915 se,
1495 2857 1607 2921 quia
1635 2855 1852 2906 nondum
1878 2856 1927 2903 in
1957 2856 2022 2903 ci-

187 2941 386 2989 vitatem
415 2950 624 2990 vestram
653 2942 832 2990 ascitus
862 2948 1016 3001 essct,
1058 2959 1157 2989 non
1199 2958 1344 3006 posse
1373 2941 1570 3003 exigere
1598 2958 1682 3000 ea,
1722 2957 1847 3003 quae
1876 2940 2022 2988 Pasio

185 3023 247 3072 ad
278 3024 450 3071 fundos
479 3033 526 3071 ct
553 3025 699 3072 aedes
727 3024 832 3071 aliis
860 3031 1028 3071 mutuo
1057 3023 1261 3072 dederat
1288 3026 1405 3083 etc.)

962 3163 1060 3215 Ad
1090 3164 1240 3215 766.

331 3270 677 3336 Harpocratio:
712 3268 769 3318 'E
786 3277 810 3329 ξ
829 3291 854 3318 0
877 3269 902 3318 ύ
919 3275 943 3318 λ
964 3294 986 3329 ι,
1008 3293 1040 3326 ς.
1074 3269 1372 3329 Ἰζδικάζετυ
1406 3269 1608 3329 ἐξούλης
1635 3274 1724 3318 καὶ
1754 3266 1780 3319 ὁ
1803 3268 2020 3333 χρήστης

185 3357 419 3415 κατέχειν
471 3353 734 3416 &fragam-‘11'
786 3354 954 3416 κτῆμα
1012 3352 1099 3402 τοῦ
1145 3357 1527 3415 χρεωστοιῖνῑως
1567 3356 1656 3400 καὶ
1696 3351 2018 3416 κωλυόμενος
