2161 3673
899 218 1130 251 SENATUS.
1863 202 1928 248 25

246 432 360 484 Τοῖς
397 431 453 475 ἐν
491 427 776 490 πρυτανείῳ
821 430 1131 489 σιτουμένοις
1164 425 1338 489 μᾶζαν
1376 430 1639 490 παρέχειν,
1680 421 1840 490 ἄρτον
1879 425 1928 475 δὲ

101 518 205 567 ταῖς
231 505 422 576 εὸρταῖς
446 512 922 574 προσπαρατιθέναι.

803 581 1115 644 (Athenaeus
1143 583 1229 645 IV,
1263 583 1374 632 137.
1403 583 1508 633 Lex
1535 582 1787 643 Solonis).

238 777 297 827 In
335 782 577 841 prytaneo
619 773 932 824 vescentibus
973 789 1110 823 maza
1146 775 1470 839 praebeatur,
1512 773 1650 823 festis
1683 790 1801 822 vero
1829 773 1930 822 die-

100 860 191 908 bus
217 858 357 924 panis
383 857 604 908 addatur.
979 928 1044 976 93

233 1006 327 1057 Ἐν
363 1009 434 1075 τῷ
473 1011 815 1074 βουλευτηρίῳ
852 1007 968 1066 Διὸς
1005 1011 1259 1073 βουλαίου
1298 1010 1388 1056 καὶ
1421 1006 1650 1068 Ἀθηνᾶς
1686 1011 1931 1075 βουλαίας

98 1092 234 1157 ἱερόν
258 1098 389 1151 ἐστι,
427 1097 518 1142 καὶ
554 1092 789 1151 εἰσιόντες
828 1096 875 1142 οἱ
910 1095 1183 1158 βουλευταὶ
1211 1091 1608 1156 προςεύχονται,
1649 1097 1737 1142 καὶ
1768 1093 1932 1142 θύονη

99 1198 174 1235 τες
200 1180 289 1225 καὶ
316 1174 584 1241 εὐχόμενοι
613 1171 737 1240 ὑπὲρ
763 1176 844 1235 τῆς
871 1175 1224 1239 δημοκρατίας.

873 1260 1156 1325 (Antiphon
1183 1277 1289 1323 sup.
1317 1258 1579 1309 Choreuta.
1609 1257 1652 1325 ξ.
1683 1262 1792 1321 45.)

976 1355 1056 1404 93.

241 1442 300 1490 In
332 1439 465 1489 curia
498 1448 571 1489 est
609 1440 645 1489 J
649 1440 753 1490 ovis
779 1439 1042 1488 consiliarii
1069 1438 1420 1503 Minervaeque
1449 1439 1754 1488 consiliariae
1781 1439 1933 1487 sacel-

98 1525 222 1585 lum,
275 1541 370 1588 quo
421 1522 628 1588 ingressi
679 1530 932 1573 senatores
979 1529 1098 1572 vota
1136 1522 1324 1572 faciunt
1372 1522 1515 1571 thura
1552 1529 1844 1589 spargentes
1889 1529 1936 1571 et

97 1613 355 1673 precantes
394 1625 483 1672 pro
522 1607 679 1656 salute
720 1606 1035 1672 reipublicae.

231 1778 310 1832 ‘H
327 1781 488 1847 βουλὴ
517 1780 578 1831 τά
617 1781 854 1847 εἰσιτήρια
895 1781 1026 1832 θύει.
1085 1781 1257 1830 Ταῦτα
1298 1779 1350 1830 δέ
1384 1786 1520 1830 ἐστιν
1558 1776 1712 1846 ἡμέρα
1747 1781 1934 1846 ἑορτῆς,

98 1872 153 1916 ἐν
178 1859 208 1930 ᾗ
235 1868 283 1915 οἱ
309 1872 364 1917 ἐν
389 1867 446 1930 τῇ
476 1864 605 1930 ἀρχῇ
635 1864 812 1923 πάντες
840 1865 1092 1930 προϊᾶσιν.
1145 1862 1285 1924 Αὕτη
1325 1864 1374 1912 δὲ
1406 1860 1430 1924 ἧ
1466 1859 1619 1929 ἧμέρα
1646 1863 1809 1929 πρώτη
1841 1864 1934 1914 τοῦ

99 1952 241 2007 ἔτους
268 1949 569 2014 νενόμισται.
1225 1951 1455 2013 (Suidas:
1495 1947 1793 2013 εἰσιτήρια.).

979 2024 1061 2072 94.

243 2107 454 2158 Senatus
482 2108 696 2157 aditialia
719 2125 858 2157 sacra
895 2108 1026 2158 facit.
1079 2108 1216 2156 Haec
1255 2115 1422 2156 autem
1462 2114 1576 2156 sunt
1615 2108 1767 2157 festus
1806 2108 1935 2168 dies,

102 2208 197 2255 quo
225 2192 537 2256 magistratus
565 2208 733 2241 omnes
758 2191 809 2239 in
835 2191 1089 2257 publicum
1129 2190 1386 2256 prodeunt.
1441 2191 1534 2240 Hic
1561 2208 1677 2239 vero
1706 2190 1808 2239 dies
1838 2191 1933 2256 pri-

100 2292 207 2324 mus
240 2275 357 2323 anni
384 2282 470 2324 est.

979 2348 1059 2395 95.

241 2426 497 2492 Εἰσιτήρια
523 2431 748 2496 γίγνεται
770 2426 1049 2492 μελλούσης
1075 2431 1279 2477 εἰσιέναι
1305 2428 1388 2487 τῆς
1414 2427 1601 2492 βουλῆς
1628 2429 1695 2483 εἰς
1720 2425 1778 2475 τό
1805 2429 1935 2492 βου-

100 2510 387 2576 λευτήριον,
433 2510 555 2561 ὥστε
595 2511 727 2561 κατά
776 2511 981 2581 γνώμην
1026 2510 1308 2571 ἀπαντῆσαι
1347 2511 1450 2560 τῶν
1489 2509 1797 2578 πραγμάτων
1845 2508 1937 2570 την

99 2598 297 2661 σκέψιν.
832 2598 1021 2659 (Schol.
1050 2599 1101 2648 in
1126 2598 1381 2648 Demosth.
1409 2597 1524 2646 Mid.
1556 2597 1670 2659 552,
1700 2597 1792 2659 2.).

981 2695 1061 2742 95.

241 2776 475 2825 Aditialia
500 2793 640 2825 sacra
668 2779 791 2826 fiunt
818 2784 991 2826 senatu
1017 2777 1063 2825 in
1091 2776 1277 2825 curiam
1312 2775 1620 2838 ingressuro,
1663 2782 1715 2823 ut
1741 2775 1933 2824 consul-

99 2861 218 2909 tatio
248 2859 306 2907 de
334 2859 479 2908 rebus
506 2860 715 2925 publicis
744 2878 803 2910 ex
830 2861 978 2909 animi
1006 2859 1250 2909 sententia
1277 2857 1520 2907 succedat.

245 3047 315 3111 Τῂ
344 3042 583 3113 ὑστεραίᾳ
610 3048 714 3097 τῶν
733 3053 1025 3113 μυστηρίων
1061 3047 1212 3111 ἕδραν
1251 3054 1414 3094 ποιεῖν
1446 3052 1500 3096 ἐν
1533 3047 1604 3112 τῳ
1638 3045 1936 3112 Ἐλευσινίῳ

99 3132 188 3192 τὴν
213 3131 419 3197 βουλήν.
459 3128 671 3181 ”Eumae
711 3132 963 3197 πρόσεισιν
1001 3128 1028 3181 ό
1063 3129 1299 3196 βασιλεύς
1327 3135 1433 3195 περὶ
1464 3130 1566 3181 τῶν
1592 3135 1937 3199 γεγενημένων

92 3213 343 3264 Ἐλευσῖνι
382 3213 516 3263 κατά
559 3214 650 3274 τὴν
691 3214 916 3276 τελετὴν,
959 3218 1005 3264 οἱ
1034 3214 1082 3262 δὲ
1112 3212 1375 3278 πρυτάνεις
1402 3213 1746 3282 προσάγουσιν
1773 3212 1936 3263 αὐτὸν

101 3297 220 3363 πρὸς
246 3297 336 3359 τὴν
360 3297 572 3364 βουλήν.

467 3373 599 3434 (Lex
624 3372 816 3423 Solonis
845 3373 976 3440 apud
1005 3370 1241 3422 Andocid.
1271 3372 1330 3421 de
1359 3380 1557 3439 myster.
1586 3369 1628 3438 ξ.
1648 3372 1791 3432 111.)
