2161 3673
228 244 293 291 23
949 257 1028 287 ms
1055 252 1331 286 PUBLlCUM.

1079 379 1192 427 124.

364 468 590 531 Quinque
618 468 786 515 diebus
811 471 923 512 ante
958 461 1246 510 concionem
1283 471 1476 528 oportet
1498 464 1877 529 praescribere,
1918 463 2044 513 cele-

223 552 460 600 brandam
486 567 589 597 esse
616 549 908 596 concionem.
961 542 1012 591 Si
1038 544 1186 608 igitur
1217 554 1411 610 oportet
1437 547 1722 595 concionem
1750 547 1939 596 decima
1967 548 2045 596 die

222 635 415 693 haberi,
458 631 793 697 praescribant
832 634 1068 691 prytanes
1110 627 1325 691 quinque
1354 627 1527 677 diebus
1555 630 1714 694 prius,
1758 630 2046 678 concionem

226 735 329 766 esse
357 718 577 765 futuram.

1081 781 1190 828 125.

363 864 475 929 Πρὸ
515 863 596 922 τῆς
634 863 902 920 ἐκκλησίας
941 864 1270 928 γραφέτωσαν
1310 863 1355 909 οἱ
1396 862 1690 926 πρυτάνεις,
1740 867 1848 928 περὶ
1888 867 2046 912 τίνων

222 947 245 1011 ἦ
274 950 513 1006 ἐκκλησία
534 949 698 1009 μέλλει
724 943 1079 1008 βουλεύεσθαι.

838 1028 1023 1088 (Schol.
1049 1029 1100 1077 in
1128 1027 1355 1079 Aeschin.
1383 1030 1441 1078 de
1469 1031 1573 1079 fals.
1603 1032 1748 1096 legat.
1779 1032 1902 1092 61.).

1076 1137 1187 1185 125.

358 1222 484 1273 Ante
524 1222 813 1269 concionem
857 1219 1194 1284 praescribant
1235 1220 1473 1284 Prytanes
1493 1259 1504 1281 ,
1558 1220 1617 1268 de
1658 1221 1834 1285 quibus
1873 1222 2044 1270 concio

217 1306 278 1355 sit
318 1305 659 1354 deliberatura.

1071 1375 1094 1422 1
1105 1375 1185 1423 26.

344 1455 464 1506 “Ovs
484 1460 652 1520 μέλλει
680 1458 949 1524 γίγνεσθαι
979 1458 1251 1514 ἐκκλησία,
1293 1461 1497 1519 σημεῖον
1522 1456 1736 1506 τίθεται.

719 1542 907 1601 (801101.
936 1543 987 1590 in
1015 1540 1328 1607 Aristophan.
1356 1541 1712 1607 Thesmophor.
1743 1541 1899 1602 288.)

1075 1637 1188 1685 126.

358 1720 481 1771 Cum
507 1721 702 1769 comitia
728 1721 959 1769 habenda
986 1728 1126 1781 sunt,
1165 1720 1360 1783 signum
1385 1720 1686 1786 proponitur.

1077 1816 1188 1864 127.

355 1900 631 1964 Ληξίαρχοι
672 1899 722 1957 ἓξ
761 1899 1104 1945 καθίστανται
1144 1895 1247 1945 τῶν
1284 1895 1505 1945 πολιτῶν
1543 1901 1961 1964 ἐγγεγραμμένων
1986 1900 2041 1946 ἐν

217 1983 492 2048 λευκώματι
510 2021 524 2040 ,
563 1985 651 2029 καὶ
679 1980 955 2045 τριάκοντα
983 1978 1183 2045 ἀνδρῶν
1224 1978 1397 2036 αὐτοῖς
1425 1983 1883 2045 προςαιρεθέντων,
1921 1978 2041 2036 τούς

211 2065 278 2131 μὴ
321 2065 744 2126 ἐκκλησιάζοντας
784 2063 1045 2129 ζημιοῦσι,
1096 2068 1185 2112 καὶ
1237 2063 1358 2120 τούς
1397 2062 1821 2123 ἐκκλησιάζοντας
1872 2063 2040 2123 ἐξετά-

218 2156 385 2210 ζουσι,
424 2153 512 2197 καὶ
541 2150 776 2212 σχοινίον
796 2147 1161 2212 μιλτώσαντες,
1190 2146 1270 2196 διά
1298 2148 1401 2197 τῶν
1426 2147 1649 2207 τοξοτῶν
1677 2145 2039 2195 συνελαύνουσι

216 2233 333 2289 τούς
360 2238 418 2282 ἐκ
445 2232 528 2292 τῆς
555 2230 742 2300 ἀγορᾶς
769 2233 837 2287 εἰς
861 2230 953 2290 τὴν
979 2233 1269 2290 ἐκκλησίαν.
1347 2232 1550 2293 (Pollux
1576 2232 1716 2291 VIII,
1742 2233 1897 2291 104.)

1067 2328 1182 2376 127.

357 2413 567 2462 Librarii
597 2428 683 2461 sex
710 2410 1071 2460 constituuntur
1113 2411 1298 2459 civium
1336 2409 1448 2459 albo
1485 2410 1832 2475 inscriptorum
1872 2417 1919 2458 et
1956 2410 2037 2458 tri-

217 2496 352 2560 ginta
377 2496 457 2545 alii
483 2496 613 2544 hisce
641 2495 1053 2554 adnumerantur,
1092 2494 1175 2557 qui
1207 2493 1445 2541 mulctant
1471 2510 1552 2541 eos
1580 2493 1662 2557 qui
1689 2492 1750 2540 ad
1778 2493 2038 2541 conciones

219 2596 316 2626 non
343 2579 607 2640 accedunt,
647 2585 695 2626 et
721 2594 827 2637 eos,
864 2577 945 2640 qui
971 2577 1288 2625 concionibus
1315 2577 1585 2636 intersunt,
1624 2583 1929 2639 scrutantur3
1968 2584 2039 2623 at-

220 2677 311 2724 que
351 2660 621 2710 funiculum
660 2660 810 2709 minio
848 2659 1120 2724 tingenteS,
1163 2675 1252 2724 per
1286 2659 1478 2708 lictores
1506 2676 1586 2708 eos
1615 2659 1696 2723 qui
1722 2660 1773 2708 in
1799 2659 1902 2707 foro
1928 2664 2042 2707 sunt

221 2743 282 2791 ad
309 2746 588 2793 concionem
613 2744 817 2809 pellunt.
1075 2812 1172 2860 128

350 2889 501 2960 ‘Ym'Q
526 2894 617 2943 τοῦ
646 2900 696 2954 ἐξ
724 2894 950 2963 ἀνάγκης
974 2892 1094 2949 τούς
1133 2897 1340 2950 πολίτας
1366 2897 1435 2950 εἰς
1464 2893 1551 2951 τάς
1577 2895 1846 2954 ἐκκλησίας
1872 2895 2037 2941 συνιέ-

221 2995 329 3033 ναι,
371 2973 661 3025 ἀποκλείειν
699 2977 786 3033 wig
821 2973 978 3032 ὁδούς
1016 2975 1103 3032 τὰς
1135 2975 1205 3040 μὴ
1248 2976 1497 3041 φερούσας
1536 2981 1605 3033 εἰς
1642 2977 1735 3037 τὴν
1761 2980 2038 3034 ἐκκλησίαν

218 3063 305 3108 καὶ
344 3057 404 3107 τά
445 3055 569 3107 ιῖίνια
608 3057 925 3122 ἀναιρεῖσθαι
966 3065 1021 3109 ἐν
1063 3067 1169 3115 ταῖς
1208 3057 1442 3126 ἀγοραῖς,
1485 3059 1615 3116 ὅπως
1647 3059 1717 3124 μὴ
1744 3063 1848 3123 περὶ
1876 3058 2034 3107 ταῦτα

219 3144 549 3206 διατρίβοιεν·
591 3137 818 3206 ὑπηρέται
861 3144 908 3192 δὲ
938 3143 1031 3192 δύο
1052 3146 1434 3207 μεμιλτωμένον
1462 3146 1699 3206 σχοινίον
1724 3145 2036 3198 ἐκτείνοντες

218 3225 298 3273 διὰ
325 3225 408 3285 τῆς
435 3224 620 3292 ἀγορᾶς
661 3227 974 3275 διωκέτωσαν
1013 3225 1106 3274 τὸν
1144 3221 1306 3288 ὄχλον
1347 3229 1414 3281 εἰς
1451 3225 1546 3285 τήν
1583 3228 1884 3283 ἐκκλησίαν·
1925 3215 2033 3274 ὅσοι

218 3310 266 3357 δὲ
287 3311 521 3372 χρίονται
543 3346 553 3363 ,
598 3312 926 3356 ἐκτινέτιιηῑαν
955 3312 1149 3372 ζημίαν.

903 3383 1088 3440 (Schol.
1116 3384 1165 3431 in
1191 3381 1503 3446 Aristophan.
1535 3381 1741 3429 Acharn.
1771 3381 1892 3438 220.
