2161 3673
495 237 854 270 MAGISTRATUS
881 236 1217 269 OECONOMIAE
1242 235 1503 270 PUBLICAE.
1847 220 1910 268 75

942 363 1057 413 297.

170 456 172 458 ’
231 441 463 503 Βοώνης,
504 439 677 507 ἄρχων
715 437 742 490 0‘
783 440 903 498 τούς
940 443 1068 506 βοῦς
1108 442 1401 508 ὠνούμενος
1425 444 1484 507 τῇ
1514 441 1653 492 πόλει
1680 439 1799 506 πρὸς
1826 439 1912 497 τὰς

93 529 287 585 θυσίας.
338 527 559 593 Αἱρεῖται
589 523 637 575 δὲ
665 519 768 574 ὑπὸ
796 523 880 584 τῆς
906 524 1105 584 πόλεως.

905 599 1132 659 (Bekker
1158 600 1344 651 Anecd.
1371 617 1442 666 gr.
1470 600 1508 648 I.
1535 617 1583 665 p.
1610 598 1770 658 2190.

944 709 1062 758 297.
1800 690 1803 694 ’

228 796 386 844 Boum
423 800 616 859 emptor
653 792 837 842 civitati
875 792 1026 842 boves
1054 794 1170 844 emit
1195 793 1256 844 ad
1284 793 1534 843 sacrificia.
1591 790 1802 856 Eligitur
1828 804 1911 836 au-

92 886 192 929 tem
215 894 245 927 a
269 875 470 926 civibus,

944 947 1059 996 298.

228 1033 280 1077 Σ
291 1027 400 1077 ιτώ
416 1048 447 1079 ν
464 1049 488 1088 η
504 1049 525 1085 ς
545 1065 557 1086 ,
598 1023 627 1077 0‘
659 1026 907 1092 προεστώς
932 1028 1025 1077 τοῦ
1055 1028 1301 1092 δημοσίου
1327 1028 1483 1078 σίτου.
1558 1027 1801 1090 (Suidas.)

949 1137 1064 1185 298.

229 1220 484 1271 Frumenti
512 1228 702 1287 emptor
728 1226 802 1270 est
826 1221 1056 1287 publicae
1083 1235 1310 1268 annonae
1337 1217 1631 1285 praefectus

940 1327 1056 1375 299.

236 1405 341 1457 Τὸν
366 1407 582 1466 σιτώνην
607 1412 667 1457 ἐκ
694 1405 898 1456 πάντων
917 1414 1206 1470 χειροτονεῖ
1232 1401 1259 1456 ὁ
1291 1404 1455 1471 δῆμος.

1016 1492 1294 1552 (Demosth.
1322 1491 1381 1541 de
1409 1490 1586 1541 Coron.
1613 1490 1770 1552 310.).

944 1599 1061 1648 299.

228 1682 317 1733 Rei
343 1681 689 1733 frumentariae
716 1689 992 1732 curatorem
1020 1700 1079 1733 ex
1104 1682 1330 1732 omnibus
1357 1682 1568 1749 populus
1596 1679 1743 1747 eligit.

944 1789 1059 1837 300.

233 1865 335 1928 Οὓς
361 1871 412 1918 αὶ
440 1874 599 1931 φυλαὶ
625 1874 716 1918 καί
743 1872 795 1918 αἱ
820 1868 1041 1934 τριττύες
1067 1873 1157 1918 καί
1186 1872 1234 1918 οἱ
1250 1869 1397 1933 δῆμοι
1414 1874 1463 1929 ἐξ
1481 1868 1675 1918 ἑαυτῶν
1700 1868 1911 1932 αἱρούν-

90 1974 168 2003 ται
193 1952 256 2002 τοὶ
283 1951 495 2018 δημόσια
514 1952 752 2018 χρήματα
779 1952 1129 2017 διαχειρίζειν,
1169 1953 1382 2010 τούτους
1410 1951 1636 2017 αἱρετούς
1663 1948 1914 2016 ἄρχοντας

90 2036 232 2088 εἶναι.
277 2035 444 2085 Τοῦτο
472 2035 521 2085 δὲ
548 2039 740 2104 γίνεται
769 2033 894 2085 ὅταν
918 2036 1171 2101 ἐπιταχθῇ
1199 2058 1243 2086 τι
1271 2044 1376 2095 ταῖς
1402 2041 1609 2099 φυλαῖς,
1639 2032 1669 2095 ἢ
1693 2035 1913 2107 τάφρους

90 2120 444 2188 ἐξεργάζεσθαι
473 2116 502 2179 ἢ
527 2117 732 2184 τριήρεις
766 2125 1149 2189 ναυπηγεῖσθαι.

973 2205 1227 2266 (Aeschin.
1255 2207 1305 2256 in
1331 2206 1547 2272 Ctesiph.
1576 2203 1619 2271 ξ.
1648 2205 1770 2265 30.).

944 2312 1060 2361 300.

229 2396 363 2456 Quos
390 2396 542 2445 tribus
569 2404 618 2443 et
643 2396 845 2445 trientes
872 2397 1087 2446 tribuum
1114 2407 1161 2446 et
1186 2397 1453 2463 municipia
1480 2413 1539 2445 ex
1565 2398 1663 2445 suis
1690 2395 1913 2460 deligunt

90 2480 152 2530 ad
177 2478 438 2546 pecuniam
474 2479 721 2545 publicam
762 2480 1099 2542 tractandam,
1139 2482 1171 2529 ii
1210 2488 1324 2529 sunt
1363 2480 1536 2546 delecti
1575 2480 1912 2544 magistratus:

89 2562 138 2613 id
164 2569 327 2612 autem
353 2563 431 2624 fit,
471 2561 665 2627 quando
691 2563 917 2612 tribubus
945 2563 1127 2629 aliquid
1167 2563 1451 2613 mandatum
1478 2563 1650 2623 fuerit,
1690 2562 1791 2611 sive
1817 2563 1914 2613 sint

88 2646 244 2695 fossae
272 2646 545 2709 egerendae
572 2647 673 2695 sive
701 2647 923 2696 triremes
949 2647 1278 2696 fabricandae.

945 2754 1060 2803 301.

220 2840 288 2894 ‘O
327 2844 584 2909 δήμαρχος
623 2844 975 2915 ἀπογράφεται
1014 2845 1102 2904 τοὶς
1141 2844 1316 2902 οὐσίας
1350 2844 1566 2895 ἑκάστου
1593 2845 1713 2910 πρὸς
1741 2846 1798 2897 τά
1827 2848 1912 2908 δη-

83 2927 241 2993 μόσια
268 2925 553 2990 ὀφλήματα.
1131 2932 1279 2993 (Lex.
1309 2930 1508 2996 Seguer.
1536 2950 1582 2998 p.
1611 2933 1769 2994 237.).

945 3015 1058 3064 301.

230 3096 469 3162 Princeps
497 3096 613 3162 pagi
639 3096 869 3147 describit
882 3098 1015 3147 bona
1028 3097 1342 3164 singulorum,
1366 3099 1445 3164 qui
1459 3099 1657 3165 publico
1673 3107 1911 3149 tenentur.

942 3206 1056 3255 302.

236 3284 296 3331 Oi
322 3281 604 3349 ναύκραροι
630 3282 718 3341 τὰς
744 3284 983 3351 εἰσφοράς
996 3284 1084 3342 τὰς
1103 3284 1236 3335 κατὰ
1264 3285 1448 3352 δήμους
1475 3287 1907 3353 διαχειροτονοῦσι

91 3368 182 3415 καὶ
207 3363 268 3414 τοὶ
293 3370 345 3427 ἐξ
371 3365 543 3418 αὐτῶν
569 3365 887 3435 ἀναλώματα.
1218 3373 1420 3435 (Pollux
1446 3375 1582 3440 VIII,
1613 3375 1766 3439 108).
