2114 3642
204 233 305 280 506
709 248 1114 280 COMMENTARIUS
1145 250 1210 279 n)
1238 247 1319 281 695.
1348 248 1430 281 696.
1457 249 1538 282 697.

977 371 1076 424 Ad
1104 373 1256 426 695.

341 485 512 550 Harp
531 484 789 534 ocratio
818 501 852 531 s.
882 501 926 530 v.
956 480 1234 545 Κλητῆρες;
1274 484 1334 532 de
1359 485 1566 534 testibus
1596 484 1773 533 dicitur
1799 482 2038 540 κλητεύε-

200 570 323 613 σθαι
363 576 410 616 et
442 562 868 622 ἑκκλητεύεσθαι,
911 583 1061 630 quum
1102 566 1163 614 ad
1202 568 1535 617 testimonium
1575 567 1833 616 dicendum
1869 568 1916 615 in
1951 568 2033 632 jus

200 652 364 699 venire
392 649 712 708 recusabant,
750 650 801 697 in
842 666 924 698 eos
963 650 1147 698 mulcta
1173 657 1357 700 statuta
1384 657 1489 699 erat
1515 650 1647 699 mille
1675 651 2034 699 drachmarum.

339 732 573 781 Pollux
614 732 751 794 VIII,
788 732 881 781 37:
921 729 1260 789 κλητεύεσθαι
1289 741 1362 782 est
1387 734 1438 782 in
1464 733 1803 783 testimonium
1829 750 2038 791 vocare;

196 815 280 864 sed
318 812 716 871 ἑκκλητεύεσθαι
756 824 829 865 est
868 833 1004 865 reum
1045 817 1148 865 fieri
1188 817 1245 866 de
1284 819 1415 866 mille
1444 818 1787 866 drachmarum
1814 817 2036 882 persolu-

195 898 336 946 tione.
379 897 456 957 (Si
485 898 713 947 nimirum
741 900 848 964 quis
876 900 1212 948 testimonium
1239 901 1400 950 dicere
1426 900 1722 961 recusaret.)

334 981 508 1030 Idem
535 982 672 1044 VIII,
704 985 795 1031 55:
835 983 1109 1049 Ejurabant
1136 980 1483 1046 (ἐξώμνυντο)
1513 985 1646 1033 citati
1687 990 1858 1043 testeS,
1900 983 1938 1032 si
1966 983 2036 1031 ni-

192 1065 258 1113 hil
289 1082 458 1114 eorum
483 1067 544 1114 ad
573 1083 697 1130 quae
725 1074 1044 1128 vocarentur,
1087 1067 1210 1116 scire
1237 1086 1288 1117 se
1316 1068 1639 1116 affirmarent.

273 1166 278 1171 ·
334 1149 522 1198 Eadem
547 1150 733 1198 habent
759 1150 942 1199 Lexica
970 1150 1277 1215 Segueriana
1302 1170 1346 1217 p.
1369 1151 1469 1199 188
1499 1159 1546 1200 et
1573 1151 1689 1199 272.
1731 1151 1856 1199 Item
1884 1148 2035 1198 Scho-

190 1232 256 1281 lia
281 1233 331 1280 in
358 1232 588 1282 Aeschin.
623 1233 868 1283 Timar-ch.
898 1235 965 1282 45
994 1242 1042 1283 et
1069 1236 1148 1283 46.

336 1315 619 1366 Secundum
655 1317 817 1381 Leges
856 1318 1163 1367 Platonis
1204 1318 1348 1380 (936,
1379 1319 1475 1378 EJ:
1516 1318 1554 1367 si
1593 1318 1700 1383 quis
1742 1334 1831 1366 sua
1861 1318 2037 1382 sp'onte

191 1400 522 1449 testimonium
550 1401 712 1450 dicere
739 1420 839 1450 non
866 1404 996 1461 vult,
1036 1403 1264 1468 indigens
1302 1420 1413 1451 eum
1448 1401 1681 1463 advocet,
1722 1408 1926 1450 vocatus
1954 1418 2037 1449 au-

192 1490 286 1531 tem
315 1493 513 1549 praesto
541 1484 603 1534 ad
634 1486 877 1551 judicium
906 1493 1037 1548 esto,
1080 1494 1127 1535 et
1155 1487 1193 1534 si
1222 1486 1312 1535 scit
1339 1494 1387 1534 et
1414 1485 1518 1534 vult
1545 1486 1822 1545 testificari,
1866 1484 2036 1533 testifi-

192 1574 352 1627 cator,
395 1568 468 1615 sin
508 1568 628 1616 scire
668 1587 719 1617 se
758 1578 934 1633 negat,
974 1588 1063 1635 per
1102 1579 1198 1619 tres
1238 1570 1355 1619 deos
1382 1570 1565 1619 Jovem
1605 1578 1653 1618 et
1679 1568 1960 1634 Apollinem
1988 1576 2036 1616 et

192 1650 403 1699 Themin
432 1654 618 1702 nescire
659 1671 709 1702 se
740 1655 936 1719 juratus
964 1655 1220 1704 dimittitor
1247 1672 1271 1703 e
1292 1654 1493 1720 judicio.
1535 1653 1753 1703 Vocatus
1780 1660 1945 1701 autem
1972 1651 2034 1700 ad

191 1736 523 1785 testimonium
551 1738 588 1785 si
607 1738 688 1798 -ei,
719 1739 799 1802 qui
831 1739 1053 1799 vocavit,
1083 1746 1280 1804 praesto
1308 1756 1410 1788 non
1437 1748 1538 1799 est,
1569 1738 1733 1787 damni
1762 1736 2032 1786 arcessitor.

971 1866 1070 1919 Ad
1100 1867 1253 1920 696.

334 1974 511 2023 Pollux
540 1975 676 2034 VIII,
706 1977 797 2024 36:
838 1978 1313 2038 Λειπομαρτυρίου,
1356 1973 1489 2023 κατὰ
1530 1974 1631 2023 τῶν
1674 1974 1891 2023 ἰδόντων
1923 1976 2035 2035 μέν,

189 2060 278 2103 καὶ
300 2055 644 2119 ,ααρτιυρήσειν
673 2053 1134 2125 ὃμολογησάντων,
1176 2063 1230 2107 ἐν
1266 2058 1314 2106 δὲ
1344 2058 1414 2124 τῷ
1443 2058 1605 2123 καιρῷ
1636 2056 1726 2117 τὴν
1747 2059 2037 2120 μαρτυρίαι]

189 2139 541 2189 ἐκλειῑῑὸιντιιψ.
598 2144 916 2204 (Testiinonii
957 2145 1170 2192 desertio
1200 2154 1270 2193 est
1297 2146 1423 2193 actio
1452 2153 1622 2193 contra
1648 2145 1757 2192 illos
1787 2144 1867 2207 qui
1896 2143 2030 2191 vide·

189 2234 302 2273 runt
329 2234 377 2274 et
402 2234 665 2276 testaturos
693 2246 743 2277 se
770 2227 973 2294 polliciti
1002 2238 1140 2290 sunt,
1183 2230 1231 2276 in
1258 2230 1367 2295 ipso
1396 2237 1559 2278 aut-em
1588 2229 1793 2278 actionis
1822 2227 2030 2276 articulo

189 2311 521 2358 testimonium
549 2311 843 2375 denegant.)

333 2392 405 2442 Cf.
435 2394 615 2444 Lexiea
644 2395 846 2458 Seguer.
877 2414 922 2460 p.
955 2397 1049 2443 191
1084 2405 1131 2444 et
1160 2397 1273 2444 276.

971 2535 1070 2588 Ad
1099 2537 1251 2589 697.

332 2644 562 2693 Pollux
591 2645 726 2707 VIII,
774 2648 863 2694 17:
899 2642 1102 2706 Ἐχῑνος
1147 2654 1220 2695 est
1260 2663 1434 2711 capsa,
1477 2647 1522 2693 in
1567 2663 1709 2709 quam
1752 2645 2032 2693 testimonia

188 2727 403 2776 immissa
431 2729 837 2791 obsignabantur.

331 2811 484 2860 Suid
502 2830 565 2860 as
604 2831 639 2860 s.
668 2831 712 2860 v.
748 2808 986 2872 ‘Elltsogs
1028 2814 1218 2879 Capsa,
1262 2815 1311 2862 in
1348 2831 1443 2877 qua
1481 2815 1806 2862 instrument-a
1835 2810 1930 2858 litis
1959 2829 2030 2859 re-

188 2895 513 2955 ponebantur.

332 2977 502 3026 Idem
543 2998 578 3027 s.
620 2998 664 3027 v.
700 2976 931 3040 Ἰἰχῐνυικ
973 2981 1166 3045 Capsae
1200 2980 1452 3045 judiciales
1492 2981 1615 3029 aliae
1658 2986 1795 3028 erant
1834 2995 2031 3035 aereae.¹

189 3057 312 3105 aliae
342 3075 457 3106 vero
489 3063 686 3122 fictiles,
728 3064 777 3111 in
805 3082 925 3128 quas
953 3065 1118 3112 arbitri
1149 3065 1356 3112 tabellas
1385 3065 1774 3112 testimoniorum
1803 3065 2032 3129 conjicie-

188 3141 335 3198 bant,
377 3158 551 3206 easque
580 3153 778 3209 postea,
822 3148 858 3194 si
901 3148 1008 3210 quis
1050 3146 1111 3195 ab
1154 3146 1351 3194 arbit-ris
1387 3155 1703 3211 provocaret,
1746 3147 2033 3211 obsignat-as

180 3223 429 3289 judicibus
457 3227 730 3277 tradebant.

332 3306 542 3354 Lexie.
586 3309 845 3373 Seguer.
887 3332 932 3378 p.
963 3314 1091 3361 258:
1127 3308 1333 3372 Ἰἰχῖνος
1372 3311 1621 3365 καδίσκος
1653 3311 1921 3372 χαλκοῦς,
1963 3314 2033 3367 εἰς

187 3383 248 3435 ὃν
277 3387 336 3435 αἵ
357 3407 406 3434 τε
430 3394 701 3450 μαρτυρίαι
731 3397 821 3440 καὶ
854 3396 902 3441 αἱ
932 3393 1228 3457 προκλήσεις
1269 3396 1513 3461 ἔγγραφοι
1558 3393 1898 3457 ἑιψβιὶλλοιηο
1931 3389 2028 3443 ὑπὸ
