2114 3642
206 190 306 236 474
814 202 1224 235 COMMENTARIUS
1255 202 1280 233 A
1291 203 1320 233 D
1349 201 1430 235 423.

349 331 445 381 Alii
490 333 716 381 dicebant
754 330 934 395 cyrbes
975 329 1125 377 fuisse
1167 329 1358 377 tabulas
1395 329 1746 393 triangulares,
1787 330 1836 378 in
1864 330 2041 395 quibus

207 415 342 478 leges
382 415 452 463 de
494 414 684 463 rebus
723 412 931 460 sacris
970 418 1030 459 et
1069 411 1393 460 civilibus
1430 412 1695 477 inscriptae
1723 421 1885 472 erant,
1926 429 2040 462 axo-

204 517 292 546 nas
320 515 433 546 vero
463 497 651 545 tabulas
692 495 983 560 quadratas,
1024 511 1150 558 quae
1189 495 1325 557 leges
1377 494 1448 543 de
1500 495 1693 544 rebus
1751 496 2042 561 privatis

203 582 408 646 scriptas
454 579 784 627 continebant.
851 577 948 627 Sed
988 575 1347 643 Aristophanes
1396 578 1661 642 Byzantius
1713 578 1888 645 cyrbes
1940 578 2040 626 axi-

203 667 292 713 bus
319 663 495 711 similes
523 661 672 709 fuisse
701 661 845 722 dicit,
886 661 979 709 hoc
1013 661 1316 719 discrimine,
1357 662 1486 726 quod
1526 678 1710 710 axones
1750 661 1976 710 contin
1994 678 2039 708 e-

207 754 350 794 rent
388 745 596 806 legeS,
637 744 811 809 cyrbes
852 761 969 792 vero
1010 744 1177 792 ritus
1215 744 1724 793 sacrificiorum.
1767 742 1957 803 (Schol.
1992 743 2040 790 in

202 828 389 876 Platon.
420 826 694 875 Politicum.
724 845 770 891 p.
800 827 916 874 335.
945 827 1017 875 ed.
1047 826 1206 875 Bekk.
1247 828 1310 876 Et
1337 826 1514 877 Suidas
1543 846 1578 875 s.
1608 846 1651 874 v.
1680 822 1925 889 κύρβεις).
1966 825 2040 873 Si-

200 911 379 957 militer
407 909 740 974 Apollodorus
768 927 962 975 quoque
992 909 1139 969 dixit,
1180 910 1415 974 cyrbibus
1443 910 1590 959 fuisse
1617 910 1879 975 inscriptas
1906 909 2041 973 leges

200 994 317 1042 deos
344 1000 639 1057 spectantes.
680 992 1036 1058 (Harpocratio
1062 1010 1098 1041 s.
1128 1011 1173 1041 v.
1200 987 1449 1055 κύρβεις.)

342 1086 420 1134 Ad
447 1105 548 1135 rem
576 1086 917 1149 dirimendam,
946 1088 1300 1152 investigemus
1326 1095 1621 1153 argumenta
1647 1089 1814 1152 legum
1830 1087 2040 1136 Solonis.

341 1181 504 1230 Primo
546 1199 705 1230 axone
744 1181 865 1230 haec
904 1181 981 1230 lex
1023 1182 1327 1231 continetur:
1369 1201 1393 1231 e
1433 1183 1673 1231 fructibus
1700 1182 1821 1230 nihil
1846 1189 2042 1247 praeter

198 1266 363 1313 oleum
390 1264 535 1313 vendi
563 1265 864 1329 peregrinis:
906 1272 1071 1313 cetera
1099 1266 1345 1331 exportari
1374 1266 1511 1314 nefas
1539 1274 1670 1327 esto,
1712 1265 2041 1331 princepsque

196 1348 500 1414 reipublicae
527 1348 580 1396 in
607 1355 756 1412 caput
783 1348 911 1413 ejus,
942 1350 1023 1413 qui
1051 1349 1144 1397 alio
1173 1350 1340 1414 fruges
1368 1350 1617 1411 avexerit,
1647 1356 1927 1408 execretur,
1958 1356 2043 1396 aut

197 1432 385 1480 aerario
427 1429 585 1480 solvat
620 1437 816 1479 centum
844 1431 1118 1480 drachmas.
1159 1431 1516 1493 (Plutarch.
1546 1432 1578 1481 S
1597 1433 1762 1481 olon.
1792 1433 1901 1491 24.)
1954 1430 2039 1479 At-

197 1515 279 1578 qui
307 1515 429 1562 haec
457 1515 535 1562 lex
562 1531 676 1580 pars
704 1514 794 1562 fuit
812 1516 940 1579 juris
975 1516 1185 1580 publici,
1224 1533 1340 1564 nam
1379 1524 1768 1579 transgressores
1809 1516 1912 1580 ejus
1951 1533 2039 1580 pu-

196 1597 326 1645 blica
354 1598 574 1657 actione,
617 1593 765 1656 φάσις
793 1598 948 1659 dicta,
985 1598 1347 1648 deferebantur.
1400 1601 1725 1664 Nequaquam
1750 1599 1900 1662 igitur
1926 1615 2040 1647 vere

197 1680 383 1728 dictum
409 1688 507 1743 est,
549 1681 724 1730 axibus
764 1679 961 1730 Solonis
1001 1682 1310 1732 solummodo
1350 1683 1485 1746 leges
1520 1683 1644 1749 juris
1684 1682 1864 1748 privati
1892 1682 2040 1731 fuisse

195 1764 470 1829 inscriptas.

339 1860 486 1923 Legis
516 1867 720 1909 octavae
737 1877 761 1909 e
778 1860 967 1910 decima
994 1862 1138 1910 tertia
1153 1860 1349 1911 Solonis
1377 1863 1549 1911 tabula
1576 1862 1696 1911 haec
1724 1869 1839 1910 sunt
1865 1862 2039 1909 verba:

195 1960 364 1992 omnes
391 1943 473 2008 qui
500 1950 613 1992 ante
641 1942 836 1993 Solonis
865 1944 1206 2008 magistratum
1232 1946 1505 2008 ignominia
1530 1946 1728 1995 fuerunt
1754 1945 1937 2005 notati,
1981 1945 2035 1993 li-

195 2026 299 2074 beri
325 2027 596 2091 ignominia
622 2033 782 2076 sunto.
825 2027 1182 2087 (Plutarch.
1212 2028 1426 2077 Solon.
1457 2030 1564 2089 19.)
1617 2028 1734 2078 Jam
1774 2045 1892 2077 vero
1932 2045 2035 2075 mo—

195 2109 309 2157 dum
348 2110 645 2174 irrogandae
684 2111 984 2174 ignominiae
1026 2111 1328 2161 definiebant
1362 2112 1498 2177 leges
1529 2113 1612 2177 jus
1651 2111 1903 2178 publicum
1929 2129 2036 2176 spe-

196 2202 399 2243 ctantes,
451 2193 706 2244 Axonibus
733 2194 883 2257 igitur
910 2195 1056 2243 etiam
1082 2196 1217 2259 leges
1245 2196 1470 2261 publicae
1499 2203 1639 2245 erant
1664 2195 1943 2260 inscriptae.

339 2291 395 2338 [n
422 2289 611 2338 decima
637 2296 776 2338 sexta
801 2290 995 2349 tabula,
1023 2308 1107 2339 seu
1134 2307 1248 2351 axe,
1275 2291 1431 2356 pretia
1458 2291 1806 2340 sacrificiorum
1836 2289 2035 2338 eximio-

198 2391 304 2420 rum
335 2372 556 2420 definivit
582 2371 747 2421 Solon.
788 2372 1145 2433 (Plutarch.
1174 2373 1386 2422 Solon.
1415 2375 1536 2436 23);
1576 2374 1705 2422 unde
1733 2381 1869 2440 patet
1896 2390 2034 2438 prac-

197 2464 343 2521 cepta
382 2473 458 2505 res
499 2473 663 2505 sacras
703 2457 979 2522 spectantia
1016 2458 1121 2522 pari
1163 2457 1308 2506 modo
1336 2459 1577 2507 axonibus
1606 2459 1755 2507 fuisso
1783 2457 2035 2520 inscripta.

335 2552 561 2616 Denique
590 2570 614 2600 e
643 2552 991 2600 Demosthenis
1020 2552 1238 2600 oratione
1268 2561 1439 2602 contra
1467 2551 1814 2602 Aristocraten]
1843 2551 2034 2617 (9629

198 2632 239 2698 ξ.
268 2635 360 2695 28)
387 2635 567 2699 liquet,
607 2635 767 2697 legem
796 2635 854 2684 de
883 2634 1138 2683 homicidis
1171 2635 1222 2682 in
1262 2652 1419 2684 axone
1458 2636 1819 2701 promulgatam
1858 2634 2033 2690 fuisse,

198 2734 322 2780 quae
349 2725 515 2767 tamen
544 2718 762 2766 omnium
789 2735 1034 2767 consensu
1060 2719 1122 2768 ad
1143 2720 1222 2784 jus
1251 2720 1506 2785 publicum
1534 2719 1806 2785 spectabat.

337 2811 410 2861 Ex
437 2813 512 2861 his
531 2813 637 2878 jam
664 2815 779 2863 satis
808 2822 1027 2875 constat,
1069 2816 1310 2864 axonibus
1350 2833 1447 2864 non
1476 2816 1635 2866 solum
1660 2816 1905 2882 privatas,
1947 2813 2031 2862 sed

199 2894 343 2942 etiam
371 2896 595 2960 publicas
621 2897 756 2962 leges
782 2899 932 2948 fuisse
960 2899 1238 2964 inscriptas.

340 2989 487 3038 Miror
514 2991 881 3042 Samuelem
921 2994 1057 3059 May
1075 3011 1137 3042 er
1153 3011 1182 3042 u
1199 3013 1246 3042 m
1286 2996 1404 3055 (Dic
1432 2996 1616 3044 Rechtc
1646 2995 1731 3043 der
1760 2995 2030 3051 Israeliten,

198 3071 417 3120 Athencr
444 3073 540 3121 und
567 3076 787 3135 Roemer,
816 3076 1021 3142 Leipzig
1054 3077 1214 3136 1862)
1244 3078 1388 3126 Petiti
1415 3079 1698 3143 opinionem
1725 3078 1954 3143 amplecti
1985 3085 2032 3135 et

197 3162 432 3214 statuere,
475 3156 704 3208 Solonem
744 3160 932 3209 nullum
974 3160 1147 3209 fecisse
1188 3160 1447 3209 discrimen
1487 3162 1613 3209 inter
1647 3161 1780 3224 leges
1807 3161 2030 3226 publicas

198 3246 244 3287 et
269 3237 499 3302 privatas.
