<?xml version="1.0" encoding="UTF-8"?>
<!DOCTYPE html PUBLIC "-//W3C//DTD XHTML 1.0 Transitional//EN"
    "http://www.w3.org/TR/xhtml1/DTD/xhtml1-transitional.dtd">
<html xmlns="http://www.w3.org/1999/xhtml" xml:lang="en" lang="en">
 <head>
  <title>
</title>
<meta http-equiv="Content-Type" content="text/html;charset=utf-8" />
  <meta name='ocr-system' content='tesseract 3.04.00' />
  <meta name='ocr-capabilities' content='ocr_page ocr_carea ocr_par ocr_line ocrx_word'/>
</head>
<body>
  <div class='ocr_page' id='page_1' title='image "./synaggtnattiknno00tluoft_0041.png"; bbox 0 0 2161 3673; ppageno 0'>
   <div class='ocr_carea' id='block_1_1' title="bbox 835 207 1937 262">
    <p class='ocr_par' dir='ltr' id='par_1_1' title="bbox 835 207 1937 262">
     <span class='ocr_line' id='line_1_1' title="bbox 835 207 1937 262; baseline 0.006 -2"><span class='ocrx_word' id='word_1_1' title='bbox 835 226 900 260; x_wconf 74' lang='lat' dir='ltr'>m:</span> <span class='ocrx_word' id='word_1_2' title='bbox 928 225 1214 262; x_wconf 67' lang='lat' dir='ltr'><strong>SENATIBUS,</strong></span> <span class='ocrx_word' id='word_1_3' title='bbox 1871 207 1937 259; x_wconf 76' lang='lat'>15</span> 
     </span>
    </p>
   </div>
   <div class='ocr_carea' id='block_1_2' title="bbox 986 355 1068 404">
    <p class='ocr_par' dir='ltr' id='par_1_2' title="bbox 986 355 1068 404">
     <span class='ocr_line' id='line_1_2' title="bbox 986 355 1068 404; baseline 0.024 -2"><span class='ocrx_word' id='word_1_4' title='bbox 986 355 1068 404; x_wconf 88' lang='grc'>48.</span> 
     </span>
    </p>
   </div>
   <div class='ocr_carea' id='block_1_3' title="bbox 107 448 1938 597">
    <p class='ocr_par' dir='ltr' id='par_1_3' title="bbox 107 448 1938 597">
     <span class='ocr_line' id='line_1_3' title="bbox 247 448 1938 516; baseline -0.004 -15"><span class='ocrx_word' id='word_1_5' title='bbox 247 451 492 512; x_wconf 82' lang='lat' dir='ltr'><strong>Quamdiu</strong></span> <span class='ocrx_word' id='word_1_6' title='bbox 517 449 700 500; x_wconf 92' lang='lat' dir='ltr'>bellum</span> <span class='ocrx_word' id='word_1_7' title='bbox 725 448 998 511; x_wconf 77' lang='lat' dir='ltr'>duraverit,</span> <span class='ocrx_word' id='word_1_8' title='bbox 1040 467 1185 501; x_wconf 91' lang='lat' dir='ltr'>nemo</span> <span class='ocrx_word' id='word_1_9' title='bbox 1213 449 1394 499; x_wconf 86' lang='lat' dir='ltr'>habeat</span> <span class='ocrx_word' id='word_1_10' title='bbox 1418 454 1714 516; x_wconf 88' lang='lat' dir='ltr'>potestatem</span> <span class='ocrx_word' id='word_1_11' title='bbox 1740 464 1938 497; x_wconf 85' lang='lat' dir='ltr'>servum</span> 
     </span>
     <span class='ocr_line' id='line_1_4' title="bbox 107 533 1641 597; baseline -0.003 -12"><span class='ocrx_word' id='word_1_12' title='bbox 107 534 426 597; x_wconf 82' lang='lat' dir='ltr'>verberandi,</span> <span class='ocrx_word' id='word_1_13' title='bbox 471 534 546 583; x_wconf 87' lang='lat' dir='ltr'>sin</span> <span class='ocrx_word' id='word_1_14' title='bbox 571 534 930 594; x_wconf 80' lang='lat' dir='ltr'><strong>verberaverit,</strong></span> <span class='ocrx_word' id='word_1_15' title='bbox 968 534 1194 582; x_wconf 88' lang='lat' dir='ltr'>libertate</span> <span class='ocrx_word' id='word_1_16' title='bbox 1222 533 1431 582; x_wconf 89' lang='lat' dir='ltr'>donetur</span> <span class='ocrx_word' id='word_1_17' title='bbox 1457 549 1641 581; x_wconf 79' lang='lat' dir='ltr'>serVUS.</span> 
     </span>
    </p>
   </div>
   <div class='ocr_carea' id='block_1_4' title="bbox 110 724 1939 883">
    <p class='ocr_par' dir='ltr' id='par_1_4' title="bbox 110 724 1939 883">
     <span class='ocr_line' id='line_1_5' title="bbox 249 724 1939 797; baseline -0.004 -14"><span class='ocrx_word' id='word_1_18' title='bbox 249 732 493 797; x_wconf 83' lang='grc' dir='ltr'><em>Δημόσι</em></span> <span class='ocrx_word' id='word_1_19' title='bbox 511 753 538 782; x_wconf 90' lang='grc' dir='ltr'><em>ο</em></span> <span class='ocrx_word' id='word_1_20' title='bbox 555 752 601 790; x_wconf 86' lang='grc' dir='ltr'>ς·</span> <span class='ocrx_word' id='word_1_21' title='bbox 633 727 660 781; x_wconf 79' lang='grc' dir='ltr'>ὁ</span> <span class='ocrx_word' id='word_1_22' title='bbox 689 731 773 791; x_wconf 80' lang='grc' dir='ltr'>τῆς</span> <span class='ocrx_word' id='word_1_23' title='bbox 799 729 985 788; x_wconf 79' lang='grc' dir='ltr'><strong><em>πόλεως</em></strong></span> <span class='ocrx_word' id='word_1_24' title='bbox 1012 730 1222 789; x_wconf 77' lang='grc' dir='ltr'><em>δοῦλος,</em></span> <span class='ocrx_word' id='word_1_25' title='bbox 1263 728 1383 796; x_wconf 85' lang='grc' dir='ltr'><em>πρὸς</em></span> <span class='ocrx_word' id='word_1_26' title='bbox 1421 724 1699 794; x_wconf 69' lang='grc' dir='ltr'><em>ὑπηρεσίαν</em></span> <span class='ocrx_word' id='word_1_27' title='bbox 1731 728 1834 778; x_wconf 75' lang='grc' dir='ltr'>τῶν</span> <span class='ocrx_word' id='word_1_28' title='bbox 1861 728 1939 777; x_wconf 75' lang='grc' dir='ltr'><em>δι·-</em></span> 
     </span>
     <span class='ocr_line' id='line_1_6' title="bbox 110 816 1372 883; baseline -0.001 -19"><span class='ocrx_word' id='word_1_29' title='bbox 110 820 393 880; x_wconf 82' lang='grc' dir='ltr'><em>καστηρίων</em></span> <span class='ocrx_word' id='word_1_30' title='bbox 419 820 508 866; x_wconf 78' lang='grc' dir='ltr'>καὶ</span> <span class='ocrx_word' id='word_1_31' title='bbox 536 817 639 865; x_wconf 72' lang='grc' dir='ltr'>τῶν</span> <span class='ocrx_word' id='word_1_32' title='bbox 664 816 861 865; x_wconf 75' lang='grc' dir='ltr'><em>κοινῶν</em></span> <span class='ocrx_word' id='word_1_33' title='bbox 885 817 1055 864; x_wconf 84' lang='grc' dir='ltr'><em>τόπων</em></span> <span class='ocrx_word' id='word_1_34' title='bbox 1081 819 1172 864; x_wconf 80' lang='grc' dir='ltr'>καὶ</span> <span class='ocrx_word' id='word_1_35' title='bbox 1200 817 1372 883; x_wconf 70' lang='grc' dir='ltr'><em>ἔργων.</em></span> 
     </span>
    </p>
   </div>
   <div class='ocr_carea' id='block_1_5' title="bbox 990 899 1799 1058">
    <p class='ocr_par' dir='ltr' id='par_1_5' title="bbox 990 899 1799 1058">
     <span class='ocr_line' id='line_1_7' title="bbox 1049 899 1799 964; baseline -0.005 -13"><span class='ocrx_word' id='word_1_36' title='bbox 1049 901 1301 962; x_wconf 75' lang='lat' dir='ltr'>(Bekkerz</span> <span class='ocrx_word' id='word_1_37' title='bbox 1329 899 1514 951; x_wconf 89' lang='lat' dir='ltr'>Anecd.</span> <span class='ocrx_word' id='word_1_38' title='bbox 1540 917 1612 964; x_wconf 82' lang='lat' dir='ltr'>gr.</span> <span class='ocrx_word' id='word_1_39' title='bbox 1641 899 1799 958; x_wconf 64' lang='lat'><strong>234).</strong></span> 
     </span>
     <span class='ocr_line' id='line_1_8' title="bbox 990 1010 1070 1058; baseline 0.025 -3"><span class='ocrx_word' id='word_1_40' title='bbox 990 1010 1070 1058; x_wconf 83' lang='grc'>49.</span> 
     </span>
    </p>
   </div>
   <div class='ocr_carea' id='block_1_6' title="bbox 111 1102 1942 1254">
    <p class='ocr_par' dir='ltr' id='par_1_6' title="bbox 111 1102 1942 1254">
     <span class='ocr_line' id='line_1_9' title="bbox 254 1102 1942 1168; baseline -0.003 -13"><span class='ocrx_word' id='word_1_41' title='bbox 254 1106 515 1167; x_wconf 83' lang='lat' dir='ltr'>Publicus,</span> <span class='ocrx_word' id='word_1_42' title='bbox 544 1111 617 1154; x_wconf 86' lang='lat' dir='ltr'>est</span> <span class='ocrx_word' id='word_1_43' title='bbox 643 1105 854 1154; x_wconf 86' lang='lat' dir='ltr'>civitatis</span> <span class='ocrx_word' id='word_1_44' title='bbox 883 1122 1053 1153; x_wconf 83' lang='lat' dir='ltr'>servus</span> <span class='ocrx_word' id='word_1_45' title='bbox 1080 1103 1142 1153; x_wconf 86' lang='lat' dir='ltr'>ad</span> <span class='ocrx_word' id='word_1_46' title='bbox 1168 1102 1463 1152; x_wconf 81' lang='lat' dir='ltr'>famulitium</span> <span class='ocrx_word' id='word_1_47' title='bbox 1482 1102 1810 1168; x_wconf 83' lang='lat' dir='ltr'>judiciorum,</span> <span class='ocrx_word' id='word_1_48' title='bbox 1852 1119 1942 1168; x_wconf 90' lang='lat' dir='ltr'>pu-</span> 
     </span>
     <span class='ocr_line' id='line_1_10' title="bbox 111 1190 918 1254; baseline -0.002 -16"><span class='ocrx_word' id='word_1_49' title='bbox 111 1190 352 1240; x_wconf 90' lang='lat' dir='ltr'>blicorum</span> <span class='ocrx_word' id='word_1_50' title='bbox 378 1190 598 1238; x_wconf 83' lang='lat' dir='ltr'>locorum</span> <span class='ocrx_word' id='word_1_51' title='bbox 625 1195 672 1237; x_wconf 88' lang='lat' dir='ltr'>et</span> <span class='ocrx_word' id='word_1_52' title='bbox 698 1205 918 1254; x_wconf 91' lang='lat' dir='ltr'>operum.</span> 
     </span>
    </p>
   </div>
   <div class='ocr_carea' id='block_1_7' title="bbox 261 1379 1822 1452">
    <p class='ocr_par' dir='ltr' id='par_1_7' title="bbox 261 1379 1822 1452">
     <span class='ocr_line' id='line_1_11' title="bbox 261 1379 1822 1452; baseline -0.004 -15"><span class='ocrx_word' id='word_1_53' title='bbox 261 1388 362 1437; x_wconf 84' lang='grc' dir='ltr'>Τὸν</span> <span class='ocrx_word' id='word_1_54' title='bbox 389 1387 734 1452; x_wconf 77' lang='grc' dir='ltr'><em>παροινοῦντα</em></span> <span class='ocrx_word' id='word_1_55' title='bbox 762 1390 817 1433; x_wconf 77' lang='grc' dir='ltr'>ἐν</span> <span class='ocrx_word' id='word_1_56' title='bbox 843 1384 903 1448; x_wconf 81' lang='grc' dir='ltr'>τῇ</span> <span class='ocrx_word' id='word_1_57' title='bbox 929 1386 1174 1449; x_wconf 76' lang='grc' dir='ltr'><em>ἐκκλησίᾳ</em></span> <span class='ocrx_word' id='word_1_58' title='bbox 1203 1387 1508 1448; x_wconf 76' lang='grc' dir='ltr'><em>ἐκφέρουσιν</em></span> <span class='ocrx_word' id='word_1_59' title='bbox 1534 1385 1581 1431; x_wconf 83' lang='grc' dir='ltr'>οἱ</span> <span class='ocrx_word' id='word_1_60' title='bbox 1608 1379 1822 1442; x_wconf 76' lang='grc' dir='ltr'><em>τοξόται.</em></span> 
     </span>
    </p>
   </div>
   <div class='ocr_carea' id='block_1_8' title="bbox 995 1469 1803 1626">
    <p class='ocr_par' dir='ltr' id='par_1_8' title="bbox 995 1469 1803 1626">
     <span class='ocr_line' id='line_1_12' title="bbox 1057 1469 1803 1536; baseline -0.005 -16"><span class='ocrx_word' id='word_1_61' title='bbox 1057 1470 1399 1536; x_wconf 86' lang='lat' dir='ltr'>(Aristophan.</span> <span class='ocrx_word' id='word_1_62' title='bbox 1428 1469 1613 1518; x_wconf 85' lang='lat' dir='ltr'>Eccles.</span> <span class='ocrx_word' id='word_1_63' title='bbox 1645 1469 1803 1529; x_wconf 69' lang='lat'><strong>143.)</strong></span> 
     </span>
     <span class='ocr_line' id='line_1_13' title="bbox 995 1579 1074 1626; baseline 0.013 -1"><span class='ocrx_word' id='word_1_64' title='bbox 995 1579 1074 1626; x_wconf 88' lang='lat'>50.</span> 
     </span>
    </p>
   </div>
   <div class='ocr_carea' id='block_1_9' title="bbox 255 1673 1592 1740">
    <p class='ocr_par' dir='ltr' id='par_1_9' title="bbox 255 1673 1592 1740">
     <span class='ocr_line' id='line_1_14' title="bbox 255 1673 1592 1740; baseline -0.002 -16"><span class='ocrx_word' id='word_1_65' title='bbox 255 1676 601 1725; x_wconf 87' lang='lat' dir='ltr'>Temulentum</span> <span class='ocrx_word' id='word_1_66' title='bbox 627 1676 838 1724; x_wconf 86' lang='lat' dir='ltr'>efferunt</span> <span class='ocrx_word' id='word_1_67' title='bbox 866 1693 890 1723; x_wconf 94' lang='lat' dir='ltr'>e</span> <span class='ocrx_word' id='word_1_68' title='bbox 919 1675 1156 1723; x_wconf 74' lang='lat' dir='ltr'>concione</span> <span class='ocrx_word' id='word_1_69' title='bbox 1184 1674 1356 1740; x_wconf 89' lang='lat' dir='ltr'>populi</span> <span class='ocrx_word' id='word_1_70' title='bbox 1383 1673 1592 1721; x_wconf 58' lang='lat' dir='ltr'>lictores».</span> 
     </span>
    </p>
   </div>
   <div class='ocr_carea' id='block_1_10' title="bbox 627 2016 1444 2248">
    <p class='ocr_par' dir='ltr' id='par_1_10' title="bbox 627 2016 1444 2248">
     <span class='ocr_line' id='line_1_15' title="bbox 757 2016 1324 2117; baseline -0.012 -25"><span class='ocrx_word' id='word_1_71' title='bbox 757 2017 1182 2117; x_wconf 65' lang='grc' dir='ltr'><em>Κεφάλαιον</em></span> <span class='ocrx_word' id='word_1_72' title='bbox 1219 2016 1324 2087; x_wconf 79' lang='lat' dir='ltr'>B&#39;.</span> 
     </span>
     <span class='ocr_line' id='line_1_16' title="bbox 627 2149 1444 2248; baseline -0.009 -25"><span class='ocrx_word' id='word_1_73' title='bbox 627 2153 895 2248; x_wconf 77' lang='grc' dir='ltr'><em>Περὶ</em></span> <span class='ocrx_word' id='word_1_74' title='bbox 995 2149 1444 2243; x_wconf 67' lang='grc' dir='ltr'><em>βουλῶν.</em></span> 
     </span>
    </p>
   </div>
   <div class='ocr_carea' id='block_1_11' title="bbox 722 2374 1348 2714">
    <p class='ocr_par' dir='ltr' id='par_1_11' title="bbox 722 2374 1348 2714">
     <span class='ocr_line' id='line_1_17' title="bbox 875 2374 1199 2470; baseline -0.009 -18"><span class='ocrx_word' id='word_1_75' title='bbox 875 2376 1085 2470; x_wconf 76' lang='lat' dir='ltr'>Caput</span> <span class='ocrx_word' id='word_1_76' title='bbox 1118 2374 1199 2450; x_wconf 91' lang='lat' dir='ltr'>H.</span> 
     </span>
     <span class='ocr_line' id='line_1_18' title="bbox 722 2507 1348 2584; baseline -0.008 0"><span class='ocrx_word' id='word_1_77' title='bbox 722 2509 835 2584; x_wconf 88' lang='lat' dir='ltr'>De</span> <span class='ocrx_word' id='word_1_78' title='bbox 887 2507 1348 2583; x_wconf 81' lang='lat' dir='ltr'>senatibus.</span> 
     </span>
     <span class='ocr_line' id='line_1_19' title="bbox 998 2666 1077 2714; baseline 0.025 -2"><span class='ocrx_word' id='word_1_79' title='bbox 998 2666 1077 2714; x_wconf 89' lang='lat'>51.</span> 
     </span>
    </p>
   </div>
   <div class='ocr_carea' id='block_1_12' title="bbox 121 2754 1949 2997">
    <p class='ocr_par' dir='ltr' id='par_1_12' title="bbox 121 2754 1949 2997">
     <span class='ocr_line' id='line_1_20' title="bbox 262 2754 1949 2828; baseline -0.007 -14"><span class='ocrx_word' id='word_1_80' title='bbox 262 2762 370 2814; x_wconf 84' lang='grc' dir='ltr'>Δύο</span> <span class='ocrx_word' id='word_1_81' title='bbox 397 2766 491 2812; x_wconf 76' lang='grc' dir='ltr'><em>εἰσὶ</em></span> <span class='ocrx_word' id='word_1_82' title='bbox 517 2765 731 2828; x_wconf 75' lang='grc' dir='ltr'><em>βουλαί·</em></span> <span class='ocrx_word' id='word_1_83' title='bbox 778 2756 803 2821; x_wconf 76' lang='grc' dir='ltr'><em>ἦ</em></span> <span class='ocrx_word' id='word_1_84' title='bbox 826 2763 924 2825; x_wconf 70' lang='grc' dir='ltr'>μὲν</span> <span class='ocrx_word' id='word_1_85' title='bbox 952 2757 1206 2818; x_wconf 74' lang='grc' dir='ltr'><em>διηνεκὴς,</em></span> <span class='ocrx_word' id='word_1_86' title='bbox 1248 2755 1273 2817; x_wconf 78' lang='grc' dir='ltr'><em>ἦ</em></span> <span class='ocrx_word' id='word_1_87' title='bbox 1304 2763 1357 2805; x_wconf 70' lang='grc' dir='ltr'>ἐν</span> <span class='ocrx_word' id='word_1_88' title='bbox 1378 2754 1562 2819; x_wconf 72' lang='grc' dir='ltr'><em>Ἀρείῳ</em></span> <span class='ocrx_word' id='word_1_89' title='bbox 1602 2755 1771 2824; x_wconf 75' lang='grc' dir='ltr'><em>πάγῳ·</em></span> <span class='ocrx_word' id='word_1_90' title='bbox 1814 2759 1949 2818; x_wconf 67' lang='grc' dir='ltr'><em>ἑτέρα</em></span> 
     </span>
     <span class='ocr_line' id='line_1_21' title="bbox 121 2844 948 2910; baseline -0.007 -12"><span class='ocrx_word' id='word_1_91' title='bbox 121 2848 200 2908; x_wconf 75' lang='grc' dir='ltr'>δὲ,</span> <span class='ocrx_word' id='word_1_92' title='bbox 241 2845 268 2910; x_wconf 76' lang='grc' dir='ltr'><strong><em>ἦ</em></strong></span> <span class='ocrx_word' id='word_1_93' title='bbox 299 2846 355 2897; x_wconf 79' lang='grc' dir='ltr'>τὰ</span> <span class='ocrx_word' id='word_1_94' title='bbox 384 2845 618 2896; x_wconf 78' lang='grc' dir='ltr'><em>πολιτικά</em></span> <span class='ocrx_word' id='word_1_95' title='bbox 648 2844 948 2910; x_wconf 72' lang='grc' dir='ltr'><em>πράττουσα.</em></span> 
     </span>
     <span class='ocr_line' id='line_1_22' title="bbox 346 2925 1805 2997; baseline -0.007 -14"><span class='ocrx_word' id='word_1_96' title='bbox 346 2933 564 2997; x_wconf 80' lang='lat' dir='ltr'>(Libanii</span> <span class='ocrx_word' id='word_1_97' title='bbox 591 2940 862 2997; x_wconf 83' lang='lat' dir='ltr'>argument.</span> <span class='ocrx_word' id='word_1_98' title='bbox 889 2932 940 2980; x_wconf 89' lang='lat' dir='ltr'>in</span> <span class='ocrx_word' id='word_1_99' title='bbox 966 2927 1218 2979; x_wconf 84' lang='lat' dir='ltr'>Demosth.</span> <span class='ocrx_word' id='word_1_100' title='bbox 1247 2945 1314 2976; x_wconf 86' lang='lat'><strong>01&#39;.</strong></span> <span class='ocrx_word' id='word_1_101' title='bbox 1344 2943 1382 2975; x_wconf 84' lang='lat' dir='ltr'>e.</span> <span class='ocrx_word' id='word_1_102' title='bbox 1412 2925 1619 2975; x_wconf 86' lang='lat' dir='ltr'>Androt.</span> <span class='ocrx_word' id='word_1_103' title='bbox 1649 2925 1805 2988; x_wconf 83' lang='lat'>587.).</span> 
     </span>
    </p>
   </div>
   <div class='ocr_carea' id='block_1_13' title="bbox 1002 3038 1082 3086">
    <p class='ocr_par' dir='ltr' id='par_1_13' title="bbox 1002 3038 1082 3086">
     <span class='ocr_line' id='line_1_23' title="bbox 1002 3038 1082 3086; baseline 0 -1"><span class='ocrx_word' id='word_1_104' title='bbox 1002 3038 1082 3086; x_wconf 85' lang='lat'>51.</span> 
     </span>
    </p>
   </div>
   <div class='ocr_carea' id='block_1_14' title="bbox 125 3125 1951 3290">
    <p class='ocr_par' dir='ltr' id='par_1_14' title="bbox 125 3125 1951 3290">
     <span class='ocr_line' id='line_1_24' title="bbox 269 3125 1951 3200; baseline -0.009 -12"><span class='ocrx_word' id='word_1_105' title='bbox 269 3138 378 3188; x_wconf 91' lang='lat' dir='ltr'>Duo</span> <span class='ocrx_word' id='word_1_106' title='bbox 405 3146 520 3187; x_wconf 86' lang='lat' dir='ltr'>sunt</span> <span class='ocrx_word' id='word_1_107' title='bbox 545 3144 770 3185; x_wconf 84' lang='lat' dir='ltr'>senatus:</span> <span class='ocrx_word' id='word_1_108' title='bbox 797 3135 920 3185; x_wconf 88' lang='lat' dir='ltr'>alter</span> <span class='ocrx_word' id='word_1_109' title='bbox 948 3139 1229 3200; x_wconf 67' lang='lat' dir='ltr'>perpetuus7</span> <span class='ocrx_word' id='word_1_110' title='bbox 1257 3128 1666 3194; x_wconf 67' lang='lat' dir='ltr'>Areopagiticus3</span> <span class='ocrx_word' id='word_1_111' title='bbox 1703 3127 1841 3188; x_wconf 83' lang='lat' dir='ltr'>alter,</span> <span class='ocrx_word' id='word_1_112' title='bbox 1870 3125 1951 3190; x_wconf 91' lang='lat' dir='ltr'>qui</span> 
     </span>
     <span class='ocr_line' id='line_1_25' title="bbox 125 3220 830 3290; baseline -0.009 -17"><span class='ocrx_word' id='word_1_113' title='bbox 125 3222 481 3290; x_wconf 81' lang='lat' dir='ltr'>rempublicam</span> <span class='ocrx_word' id='word_1_114' title='bbox 507 3220 830 3270; x_wconf 86' lang='lat' dir='ltr'>administrat.</span> 
     </span>
    </p>
   </div>
  </div>
 </body>
</html>
