2114 3642
462 220 868 252 COMMENTARIUS
896 220 963 250 An
993 215 1096 252 1074.
1127 216 1230 252 1075.
1262 216 1364 253 ποθι).
1394 217 1496 252 1081.
1798 209 1895 255 555

58 354 189 396 tores
217 347 417 396 militiae
456 346 645 396 navalis
683 362 770 410 per
809 352 960 394 totam
990 345 1248 396 Graeciam
1274 348 1634 413 investigentur
1660 349 1894 397 omnium-

60 447 151 495 que
180 448 354 479 manus
383 430 704 486 recidantur.)

823 521 921 573 Ad
947 523 1135 574 1074.

204 633 350 698 Apud
378 633 694 681 Plataeenses
720 633 756 680 si
786 632 849 692 is,
892 634 973 696 qui
1001 634 1152 682 semel
1178 635 1281 698 jam
1310 636 1358 682 in
1389 636 1653 684 certamine
1682 637 1897 701 palmam

59 718 291 766 victoriae
320 716 526 786 adeptus
556 722 653 774 est,
695 715 744 762 in
771 716 865 763 alio
894 716 1159 765 certamine
1197 718 1353 766 victus
1394 718 1586 775 fuisset,
1627 728 1781 767 morte
1811 738 1897 783 pu-

59 801 298 849 niebatur.
341 799 524 862 Legem
553 797 701 845 refert
731 798 1055 847 Philostratus
1085 800 1171 858 (de
1201 799 1523 865 Gymnastica
1550 798 1592 864 ξ
1622 802 1666 849 8.
1697 803 1770 851 ed.
1798 804 1896 851 Da—

60 884 302 944 remberg.
344 881 543 929 Parisiis
579 880 764 939 1858J:
806 876 898 926 τὸν
928 875 1015 937 ἤδη
1043 884 1490 943 ἑστεφαιηιῃιὲιιόν,
1520 885 1565 930 εἰ
1591 879 1898 948 ἀγωνίζοιτο

60 959 243 1020 αὖθις,
297 959 541 1029 ἐγγυητάς
594 962 691 1009 ἔδει,
744 962 1049 1021 καταστῆσαι
1092 964 1183 1011 τοι]
1226 963 1477 1027 σώματος·
1538 964 1763 1023 θάνατος
1802 964 1898 1034 γάρ

62 1043 326 1110 ἡττωμένῳ
355 1048 680 1109 προσετέτακτ
694 1065 733 1093 ο.

827 1151 926 1204 Ad
952 1153 1140 1205 1075.

202 1263 490 1325 Argument.
520 1262 567 1310 in
597 1261 848 1310 Demosth.
880 1262 939 1311 de
970 1280 1155 1311 corona
1183 1263 1312 1312 trier.
1346 1263 1506 1311 1228:
1548 1262 1708 1326 Χῶμα
1736 1273 1896 1316 autem

58 1365 142 1396 seu
171 1347 370 1395 Vallum
400 1354 504 1395 erat
530 1354 774 1395 structura
801 1346 962 1411 portui
1002 1347 1313 1411 praeposita,
1354 1355 1407 1395 ut
1436 1353 1481 1395 et
1508 1366 1658 1399 naves
1686 1367 1898 1398 commo-

58 1431 166 1478 dius
194 1430 377 1495 appelli
405 1437 609 1495 possent
637 1437 683 1477 et
712 1436 890 1478 nautae
919 1429 984 1476 ibi
1015 1429 1176 1478 forum
1203 1430 1459 1480 haberent.

826 1568 925 1621 Ad
949 1570 1137 1623 1080.

199 1679 370 1729 Cicero
399 1678 456 1727 de
484 1686 642 1728 natur.
673 1680 804 1727 deor.
835 1681 869 1735 I,
900 1679 981 1739 23,
1013 1681 1104 1727 63:
1150 1678 1407 1731 Abderites
1436 1683 1630 1747 quidem
1659 1684 1895 1750 Protago-

58 1783 136 1813 ras
165 1781 275 1812 cum
301 1764 352 1811 in
380 1763 622 1828 principio
650 1763 759 1811 libri
789 1764 860 1811 sui
889 1763 958 1811 sic
997 1765 1269 1829 posuisset:
1312 1765 1341 1813 d
1359 1782 1382 1813 e
1423 1766 1546 1815 diis
1586 1783 1658 1815 ne
1677 1784 1790 1831 que
1832 1775 1898 1816 ut

59 1849 217 1906 sint,
258 1863 461 1910 neque
503 1853 566 1894 ut
604 1863 732 1894 non
772 1847 930 1907 sint,
985 1847 1192 1896 habeo
1235 1848 1481 1908 dicere,
1524 1849 1897 1900 Atheniensium

50 1932 192 1995 jussu
220 1931 340 1978 urbe
370 1936 512 1995 atque
543 1947 662 1994 agro
691 1937 764 1978 est
803 1931 1155 1980 exterminatus
1195 1931 1405 1996 librique
1446 1933 1551 1998 ejus
1585 1934 1634 1982 in
1661 1935 1896 1984 concione

60 2013 316 2062 combusti.

200 2097 403 2163 Josep
424 2098 466 2146 h.
509 2099 681 2148 Flav.
722 2117 759 2147 c.
791 2086 1014 2165 Apion.
1056 2101 1117 2158 ΙΙ,
1146 2098 1239 2147 27:
1280 2100 1602 2165 Protagoras,
1645 2103 1734 2151 nisi
1763 2095 1896 2152 ocius

59 2181 355 2246 aufugisset,
397 2183 776 2247 comprehensus
803 2184 1093 2242 inteiiisset,
1135 2183 1267 2247 quod
1306 2183 1489 2247 aliquid
1529 2185 1778 2251 scripsisse
1805 2205 1894 2252 pu-

58 2272 243 2314 taretur
269 2266 554 2330 discrepans
582 2266 643 2315 ab
672 2265 1045 2316 Atheniensium
1074 2266 1132 2315 de
1160 2266 1250 2315 diis
1278 2267 1606 2332 opinionibus.

202 2348 1254 2414 Philostrat.Vit.Sophist.1,10:
1296 2350 1594 2416 Protagoras
1623 2354 1749 2417 quod
1778 2354 1892 2402 dicit

61 2449 164 2480 sese
194 2430 447 2491 dubitare,
489 2432 553 2480 dii
580 2433 675 2481 sint
704 2449 765 2480 an
792 2450 892 2480 non
920 2433 1041 2492 sint,
1084 2433 1279 2481 videtur
1319 2434 1435 2482 mihi
1477 2451 1501 2482 e
1530 2435 1730 2485 Persica
1756 2437 1895 2485 disci-

60 2514 192 2579 plina
218 2514 365 2579 impie
392 2516 652 2565 derivasse.
706 2516 849 2565 Hanc
888 2517 951 2565 ob
992 2533 1189 2565 causam
1225 2518 1354 2565 omni
1384 2524 1514 2566 terra
1541 2519 1602 2567 ab
1629 2518 1897 2569 Athenien-

61 2598 195 2646 sibus
223 2599 453 2663 expulsus
482 2606 565 2646 est.

836 2667 934 2720 Ad
959 2669 1134 2721 1081.

204 2775 417 2841 Sopater
443 2776 580 2825 divis.
611 2786 795 2842 quaest.
825 2778 954 2825 333:
996 2773 1087 2824 τὸν
1126 2775 1388 2835 ἐξειπόντα
1415 2775 1474 2825 τά
1501 2777 1751 2843 μυστήρια
1778 2783 1898 2827 τεθ-

63 2857 227 2906 νάναι.
272 2860 393 2919 (Qui
421 2860 656 2924 mysteria
683 2861 985 2924 vulgaverit,
1015 2863 1175 2927 capite
1204 2863 1348 2921 luat.)

204 2944 350 2992 Teste
393 2941 542 2991 Suida
583 2945 651 3001 (s.
692 2963 736 2992 v,
779 2941 1027 3009 Διαγόρας
1068 2937 1094 2990 ὁ
1137 2940 1372 3004 ΝΙήλιος)
1414 2944 1740 2997 Athenienses
1778 2967 1897 2999 voce

63 3027 319 3092 praeconis
360 3026 673 3091 pronunciari
715 3035 762 3075 et
801 3044 974 3076 aereae
1018 3029 1275 3077 columnae
1303 3030 1504 3078 inscribi
1535 3031 1815 3096 jusserunt,
1857 3034 1894 3081 si

65 3112 145 3175 qui
178 3112 446 3174 Diagoram
487 3110 772 3170 occidisset,
814 3112 1078 3169 talentum,
1120 3113 1200 3177 qui
1242 3113 1409 3161 vivum
1449 3114 1757 3177 adduxisset,
1798 3116 1894 3165 duo

65 3194 250 3243 talenta
275 3200 591 3259 accepturum
617 3209 736 3242 esse.
789 3195 899 3243 Hoc
925 3202 1087 3242 autem
1121 3195 1345 3244 fecerunt
1371 3204 1573 3263 propter
1600 3199 1701 3263 ejus
1728 3199 1892 3263 impie-

66 3283 242 3337 tatem,
271 3277 399 3340 quod
428 3276 661 3340 mysteria
688 3277 914 3324 omnibus
943 3278 1238 3326 enunciaret.

205 3358 457 3424 ,Iosephus
491 3359 688 3407 Flavius
729 3360 795 3418 (c.
824 3358 1000 3424 Apion.
1030 3361 1091 3421 II,
1121 3360 1215 3421 37)
1255 3363 1420 3413 scribit
1459 3365 1518 3414 de
1558 3366 1649 3414 hoc
1676 3365 1884 3428 Diagora
