2161 3673
727 223 1095 256 MAGISTRATUS
1120 224 1354 256 POLITICI.
1856 211 1915 258 61

219 427 622 493 Ἀστυνόμοι
666 428 789 478 δέκα
829 431 949 478 εἰσὶ·
991 434 1132 482 πέντε
1164 431 1263 494 μὲν
1300 434 1356 480 ἐν
1395 434 1649 495 Πειραιεῖ,
1692 435 1834 480 πέντε
1873 430 1918 479 δ’

85 516 140 560 ἐν
166 507 299 560 ἄστει
317 528 327 539 ·
355 509 429 568 οἷς
448 515 588 576 μέλει
615 515 726 576 περί
751 532 803 561 τε
828 511 930 561 τῶν
956 511 1273 578 αὐλητρίδων
1298 516 1388 562 καὶ
1415 513 1678 580 ψαλτριῶν
1704 519 1794 563 καὶ
1821 535 1917 564 κο-

84 591 344 662 προλόγων
370 598 460 644 καὶ
485 594 588 643 τῶν
615 594 879 645 τοιούτων.
921 599 1148 660 (Bekker
1176 598 1359 650 Anecd.
1387 617 1459 665 gr.
1488 601 1524 650 I.
1552 618 1598 666 p.
1615 601 1776 660 455.).

938 705 1057 754 232.

221 786 478 853 Astynomi
506 787 676 838 decem
702 796 844 851 sunt,
883 788 1098 853 quinque
1126 790 1177 838 in
1204 789 1438 851 Piraeeo,
1467 789 1681 856 quinque
1708 790 1760 839 in
1780 790 1915 852 urbe,

82 870 256 936 quibus
283 889 427 921 curae
455 878 571 921 sunt
596 872 845 933 tibicinae,
862 872 1107 938 psaltriae,
1125 873 1431 937 stercorilegi
1460 880 1508 922 et
1529 872 1702 924 horum
1719 873 1915 924 similes.

937 979 1052 1028 233.
1432 1042 1439 1051 .

225 1062 286 1110 Oi
323 1059 697 1129 γυναικονόμοι
731 1059 859 1124 μετά
897 1061 1001 1109 τῶν
1033 1058 1414 1127 Ἀρεοπαγιτῶν
1452 1061 1704 1112 σκοποῦσι
1743 1061 1830 1120 τὰς
1860 1067 1916 1112 ἐν

88 1151 187 1201 ταῖς
214 1147 405 1200 οἰκίαις
431 1143 681 1201 συνόδους
720 1146 778 1193 ἔν
815 1165 867 1193 τε
905 1151 1009 1200 τοῖς
1034 1142 1219 1211 γάμοις
1244 1147 1334 1192 καὶ
1360 1151 1467 1200 ταῖς
1494 1140 1668 1202 ἄλλαις
1697 1149 1914 1202 θυσίαις.

222 1230 524 1291 (Philochori
551 1230 724 1295 fragm.
755 1229 869 1278 143.
908 1228 1109 1279 Miiller:
1135 1229 1282 1292 Frag.
1312 1227 1581 1279 historieor.
1608 1247 1771 1295 graec.

1472 1314 1506 1363 Ι.
1536 1331 1582 1379 p.
1610 1315 1770 1374 408.).

936 1383 1052 1432 233.

219 1466 591 1533 Gynaeconomi
628 1467 897 1534 inspiciunt
936 1484 1048 1516 eum
1074 1466 1391 1534 Areopagitis
1424 1469 1654 1518 convivia
1679 1470 1728 1518 in
1759 1469 1910 1520 domi-

78 1551 167 1600 bus
192 1550 439 1612 instituta,
468 1568 620 1616 quum
645 1551 696 1600 in
721 1551 927 1617 nuptiiS,
957 1559 1060 1600 tum
1085 1551 1136 1599 in
1163 1551 1269 1600 aliis
1296 1551 1447 1600 sacris
1476 1553 1647 1618 epulis.

222 1737 354 1795 Τούς
380 1738 794 1806 γυναικονόμους
822 1738 1018 1803 ἐφορᾶν
1043 1738 1104 1787 τά
1133 1737 1387 1803 συμπόσια
1414 1742 1503 1787 καὶ
1530 1739 1784 1800 ἐξετάζεεν
1809 1740 1912 1791 τῶν

77 1824 400 1885 κεκλημένων
425 1821 519 1871 τὸν
544 1820 796 1887 ἀριθμὸν,
836 1826 883 1872 εἰ
908 1821 1042 1871 κατά
1074 1820 1244 1888 νόμον
1269 1825 1389 1874 ἐστί.

1153 1908 1466 1970 (Athenaeus
1494 1908 1579 1970 VI,
1608 1909 1767 1970 2450.

219 2075 596 2142 Gynaeconomi
621 2076 881 2140 invigilent
906 2075 1146 2124 conviviis
1173 2082 1221 2123 et
1247 2077 1528 2126 examinent
1552 2094 1813 2126 numerum
1836 2077 1908 2126 in-

75 2158 365 2228 vitatorum,
395 2175 458 2208 an
486 2159 585 2223 legi
611 2158 875 2208 conformis
901 2160 976 2208 sit.
1434 2157 1441 2166 ‘

929 2266 1044 2315 234.

213 2346 368 2411 Παροὶ
400 2353 503 2404 τοῖς
532 2345 931 2414 γυναικονόμοις
964 2345 1084 2403 τούς
1111 2352 1167 2397 ἐν
1192 2354 1295 2404 τοῖς
1321 2347 1502 2416 γάμοις
1528 2347 1908 2407 διακονοῦντας

73 2428 466 2498 ἀπογράφεσθαι
497 2430 686 2488 πάντας
707 2434 997 2498 μαγείρους.

858 2516 1141 2579 (Menandri
1168 2517 1340 2582 fragm.
1370 2515 1761 2580 Κεκρύφαλος.).

926 2625 1041 2675 235.

209 2706 354 2773 Apud
380 2723 783 2772 gynaeconomos
811 2724 983 2758 omnes
1010 2710 1153 2773 coqui
1180 2726 1358 2758 nomen
1387 2726 1526 2758 suum
1552 2711 1900 2781 profiteantur,

69 2792 150 2855 qui
176 2791 226 2840 in
253 2792 440 2857 nuptiis
469 2788 782 2841 famulantur.
926 2865 1026 2913 236

207 2941 625 3007 Γυναικόκοσμοι
666 2947 796 2994 εἰσιν
833 2943 985 3011 ἀρχοὶ
1025 2949 1103 2995 ἐπὶ
1130 2943 1224 2993 τοῦ
1255 2943 1456 3009 κόσμου
1481 2944 1584 2994 τῶν
1610 2946 1899 3013 γυναικῶν’

64 3025 151 3083 τάς
190 3026 239 3075 δὲ
281 3025 607 3092 άκοσμούσας
647 3028 877 3089 ζημιοῦσι
924 3035 1014 3078 καί
1064 3027 1151 3085 τάς
1191 3030 1364 3093 ζημίας
1403 3026 1576 3079 αὐτῶν
1614 3032 1898 3097 γράφοντες

64 3114 342 3161 ἐκτιθεῖσιν
367 3114 446 3161 ἐπὶ
474 3111 555 3169 τῆς
582 3115 847 3162 πλατάνου
874 3113 958 3172 τῆς
985 3118 1039 3163 ἐν
1070 3111 1380 3178 Κεραμεικῷ.

1193 3198 1397 3257 (Pollux
1425 3197 1562 3261 VIII,
1595 3199 1753 3260 112.)

921 3269 1036 3317 236.

206 3350 594 3415 Gynaecocosmi
634 3360 748 3400 sunt
792 3353 1107 3416 magistratus
1147 3353 1415 3416 praepositi
1455 3352 1618 3401 decori
1661 3353 1893 3401 faemina-
