2114 3642
204 190 304 238 588
669 207 1077 241 cOMMENTARms·
1103 204 1173 235 AD
1203 203 1308 237 1256.
1340 204 1444 239 1259.
1475 201 1579 238 1268.

199 333 297 382 lam
336 336 404 383 rei
446 336 667 384 militaris
707 333 931 397 peritiam
974 331 1227 380 haberent.
1283 334 1453 397 Itaque
1495 333 1915 382 consentientibus
1942 334 2042 383 fere

202 415 407 465 Graecis
451 418 675 466 omnibus
716 416 825 463 illos
865 415 981 463 ‚Iovi
1020 425 1449 466 consecraverunt..
1502 415 1699 480 Neque,
1742 433 1891 481 quum
1919 418 2041 466 Xer—

199 518 283 548 xes
312 501 357 548 in
390 500 647 549 Graeciam
687 499 967 562 irrupisset.
1011 499 1188 548 milites
1229 501 1451 549 conferre
1487 506 1602 549 sunt
1630 499 1811 558 coacti,
1853 499 1938 548 sed
1968 507 2040 547 ut-

198 589 314 646 pote
355 583 496 630 Jovis
535 580 813 629 sacerdotes
853 582 1180 647 ludorumque
1220 592 1496 641 curatores,
1546 584 1787 632 immunes
1827 582 2039 631 fuerunt.

200 665 305 713 Nec
331 682 468 712 secus
496 664 541 711 in
576 664 803 713 civilibus
832 664 1138 714 Graecorum
1167 666 1334 727 bellis,
1376 668 1503 716 ullus
1545 667 1614 714 eis
1647 683 1862 731 unquam
1891 666 2039 714 mole-

198 748 338 795 stiam
367 746 607 795 facessere
636 748 889 808 sustinuit,
937 768 1085 814 quum
1128 751 1342 799 universi
1382 751 1574 799 illorum
1612 749 1865 815 regionem
1893 767 1950 797 ac
1977 749 2039 797 ci-

196 830 394 877 vitat-em
435 839 801 880 sacrosanctam
831 842 878 881 et
904 833 1240 883 inviolabilem
1285 834 1531 883 custodire
1560 833 1829 882 studerent.
1872 833 1942 893 (D
1964 832 1974 879 i
1995 851 2042 880 o-

196 911 319 959 dor.
360 911 554 962 Sicul.
598 914 736 975 VIII,
769 915 840 975 1.)

624 1009 628 1012 ’
964 1044 1064 1098 Ad
1090 1046 1280 1099 1256.

337 1152 545 1202 Pausan.
587 1154 645 1209 V,
675 1154 719 1213 9,
750 1155 794 1212 2,
836 1156 904 1203 ita
943 1155 1177 1204 describit
1217 1155 1418 1221 calpen:
1463 1155 1744 1205 Utebantur
1783 1155 1832 1202 in
1877 1155 2042 1220 calpes

193 1236 456 1285 certamine
486 1240 729 1301 equabus,
773 1258 795 1287 e
838 1240 1013 1304 quibus
1053 1240 1142 1288 sub
1185 1248 1453 1289 extremam
1498 1258 1669 1288 cursus
1695 1236 1888 1305 {metam
1915 1237 2041 1287 desi-

189 1318 363 1367 lientes
392 1337 632 1376 sessores,
675 1323 920 1387 prehenso
961 1340 1075 1371 suae
1116 1323 1325 1389 quilibet
1362 1341 1517 1387 equae
1546 1323 1710 1382 freno,
1755 1340 1863 1371 cum
1893 1339 2040 1386 equa-

192 1401 283 1450 bus
313 1402 638 1452 decurrebant
640 1443 811 1453 ......
843 1406 1013 1471 Apene
1055 1415 1218 1455 autem
1259 1407 1416 1455 mulos
1451 1425 1541 1471 pro
1570 1406 1708 1470 equis
1736 1406 1965 1469 bigarum
1993 1405 2043 1453 in

191 1502 377 1534 morem
407 1486 638 1536 habebat.

959 1557 1059 1610 Ad
1091 1558 1281 1611 1259.

335 1664 484 1713 Teste
516 1666 762 1715 Pausania
789 1667 878 1729 (V,
910 1669 955 1727 9,
985 1669 1150 1727 4—6)
1189 1669 1596 1733 quinquagesima
1624 1669 1924 1735 Olympiade
1954 1668 2040 1717 du—

192 1748 393 1796 umviris
423 1766 481 1797 ex
509 1749 618 1814 ipsa
645 1750 872 1799 Eleorum
907 1751 1102 1800 civitate
1144 1760 1320 1800 sorte
1363 1752 1520 1800 (luctis
1549 1753 1895 1818 Olympiorum
1926 1768 2043 1801 cura

190 1831 424 1879 mandata
465 1841 550 1880 est.
605 1832 772 1882 Serius
811 1852 989 1882 novem
1031 1834 1386 1883 Hellanodicae
1426 1836 1630 1885 instituti
1674 1844 1802 1884 sunt.
1856 1836 2041 1885 Eorum

191 1922 290 1964 tres
330 1915 388 1963 de
431 1934 662 1981 equorum
706 1935 876 1978 cursu,
919 1918 1122 1966 totidem
1164 1919 1243 1966 alii
1286 1918 1344 1967 de
1388 1920 1726 1984 quinquertio,
1767 1919 1940 1988 reliqui
1982 1918 2041 1966 de

192 1999 366 2048 ceteris
393 2000 738 2050 certaminibus
768 2002 1150 2065 cognoscebant.
1194 2004 1374 2052 Postea
1400 2003 1596 2052 additus
1625 2011 1698 2052 est
1725 2003 1940 2053 decimus
1967 2003 2038 2051 lu-

191 2082 365 2130 dorum
394 2084 683 2148 praefectus.
735 2084 906 2134 Tertia
945 2105 1095 2152 supra
1134 2087 1453 2135 centesimam
1494 2087 1543 2134 in
1583 2087 1739 2136 tribus
1780 2086 2039 2135 duodecim

193 2165 296 2214 Elei
326 2167 558 2232 descripti
583 2176 710 2228 sunt,
740 2186 944 2234 quarum
975 2171 1196 2234 singulae
1225 2188 1365 2219 suum
1394 2171 1635 2220 dederunt
1651 2170 2038 2220 Hellanodicam.

193 2250 332 2298 Bello
372 2249 616 2299 Arcadum
655 2253 826 2301 afflicti
867 2262 1043 2319 quarta
1081 2262 1129 2302 et
1168 2255 1438 2303 centesima
1465 2255 1762 2321 Olympiade
1804 2255 1851 2302 in
1880 2254 2036 2303 tribus

193 2340 304 2381 octo
333 2335 571 2383 contracti
607 2342 747 2394 sunt,
789 2337 1090 2401 totidemque
1130 2336 1425 2399 legebantur
1466 2337 1829 2386 Hellanodicae.
1885 2337 2040 2385 108-a

193 2416 487 2483 Olympiade
516 2419 750 2483 pristinus
780 2427 852 2468 est
879 2420 1094 2469 virorum
1123 2421 1289 2469 decem
1320 2438 1549 2471 numerus
1576 2423 1851 2483 restitu‡uS‚
1888 2421 2038 2470 idem-

194 2518 285 2563 que
313 2502 373 2550 ad
406 2502 675 2551 Pausaniae
703 2521 856 2568 usque
884 2511 1096 2553 aetatem
1124 2506 1406 2569 permansit.

960 2656 1059 2709 Ad
1084 2659 1273 2711 1268.

337 2765 545 2814 Pausan.
585 2766 644 2823 V,
685 2768 731 2825 6,
775 2766 856 2812 ’7μ
881 2769 940 2814 8;
983 2769 1093 2816 Non
1139 2776 1301 2816 tamen
1343 2768 1703 2834 deprehensam
1744 2784 1849 2816 esse
1888 2767 2038 2816 ullam

195 2847 455 2911 perhibent
494 2858 690 2915 praeter
728 2868 875 2900 unam
904 2850 1269 2916 Callipatiram,
1313 2844 1461 2917 q‘uam
1489 2852 1568 2901 alii
1601 2851 1920 2900 Pherenicem
1948 2868 2035 2899 no-

197 2931 398 2978 minant.
453 2933 586 2981 Haec
627 2934 730 2982 viro
771 2934 922 2999 ipsius
962 2942 1178 2994 mortuo,
1224 2953 1334 2983 cum
1376 2935 1499 2983 virili
1529 2943 1701 2984 ornatu
1730 2933 2034 2983 exercitatio-

199 3030 311 3061 num
340 3031 389 3061 se
418 3017 702 3080 magistrum
731 3018 990 3077 simulans,
1034 3017 1367 3067 Pisirrhodum
1409 3019 1560 3067 filium
1600 3020 1648 3066 in
1677 3027 1925 3067 certamen
1954 3018 2034 3066 de-

197 3095 332 3144 duxit
360 3096 670 3163 Olympiam3
702 3102 905 3166 jamque
935 3119 992 3149 eo
1022 3102 1248 3150 vincente
1285 3103 1614 3167 sepimentum
1643 3102 1717 3161 id,
1759 3119 1854 3166 quo
1883 3102 2032 3166 magi-

199 3189 321 3229 stros
350 3181 565 3227 seclusos
596 3184 793 3244 habent,
821 3184 1107 3249 Callipatira
1134 3186 1414 3233 transiliens
1443 3185 1627 3234 nudata
1653 3193 1740 3233 est..
1780 3185 2033 3233 Feminam

197 3272 359 3312 tamen
388 3263 603 3325 agnitam
632 3269 759 3315 omni
787 3269 985 3316 crimine
1015 3268 1311 3326 liberarunt,
1354 3269 1483 3333 quod
1522 3269 1687 3317 datum
1725 3278 1798 3317 est.
1825 3287 1883 3318 ex
1905 3269 2032 3334 judi-

199 3365 306 3394 cum
335 3348 579 3411 aequitate
618 3350 794 3411 patris,
836 3352 1042 3401 fratrum
1083 3360 1130 3400 et
1170 3352 1251 3400 filii
1294 3352 1625 3410 reverentiae,
1667 3352 1747 3416 qui
1777 3369 1944 3402 omnes
1972 3369 2030 3401 ex
