2114 3642
685 244 1094 277 COMMENTARIUS
1123 246 1188 277 cm
1220 240 1324 278 1183.
1353 240 1456 278 1184.
1895 231 1996 279 579

153 369 241 419 rali
280 371 476 419 affectui
516 369 852 436 procreandae
892 371 1076 420 sobolis
1116 380 1322 437 pareant
1363 380 1411 421 et
1451 371 1801 438 tempestivum
1826 373 1996 422 ineant

148 454 529 503 matrimonium.

298 535 528 586 Clemens
557 535 918 585 Alexandrinus
953 536 1133 585 Strom.
1163 538 1224 597 ΙΙ,
1265 557 1310 603 p.
1343 540 1441 586 505
1482 539 1556 588 ed.
1598 539 1796 587 Potter:
1837 531 1864 584 ὁ
1895 536 1996 584 τῶν

149 615 418 665 Λακώνων
448 621 728 680 νομοθέτης
755 614 857 664 οὐκ
887 614 1115 683 ἀγαμίου
1137 618 1306 680 μόνον
1333 622 1589 682 ἐπιτίμιον
1617 621 1834 678 ἔστησεν,
1863 616 1993 667 ἄλλα

143 703 477 767 μονο-γαμίου
504 703 595 747 καὶ
624 698 927 766 ὀψιγαμίου.
983 703 1262 762 (Laconum
1296 705 1551 767 legislator
1577 722 1674 753 non
1702 706 1861 754 solum
1888 721 1995 753 cae-

149 785 329 834 libatus
369 802 583 851 poenam
623 785 902 842 constituit,
943 785 1027 833 sed
1067 787 1214 834 etiam
1252 785 1371 846 illis,
1415 788 1496 851 qui
1524 787 1674 835 semel
1701 795 1894 836 tantum
1921 786 1997 836 vel

149 868 231 932 qui
259 885 367 916 sero
395 885 598 917 uxorem
627 867 923 926 duxissent.)

293 949 576 999 Secundum
624 951 930 999 Platonis
970 951 1178 1014 Leges
1221 952 1366 1012 (774,
1394 950 1609 1011 A*B):
1650 953 1700 1001 Si
1740 953 1848 1017 quis
1888 970 1995 1002 cae-

147 1032 254 1082 lebs
280 1034 484 1096 triginta
511 1034 727 1098 quinque
755 1051 910 1082 annos
938 1034 1074 1092 vixit,
1102 1034 1359 1083 mulctator
1386 1036 1644 1100 quotannis
1671 1036 1754 1100 qui
1782 1037 1994 1086 maximo

151 1134 300 1166 censu
328 1126 401 1165 est
429 1116 676 1165 drachmis
713 1126 937 1176 centum„
977 1118 1058 1182 qui
1086 1118 1327 1178 secunde,
1369 1120 1711 1184 septuaginta,
1751 1121 1894 1168 tertio
1923 1138 1995 1168 se-

148 1201 375 1263 xaginta,
405 1206 452 1248 et
481 1200 561 1264 qui
589 1208 792 1263 quarto,
829 1200 1061 1263 triginta3
1099 1201 1246 1264 idque
1274 1201 1464 1249 Junoni
1492 1219 1685 1251 sacrum
1714 1211 1832 1252 esto.
1885 1203 1997 1252 Non

147 1283 436 1346 persolvens
478 1291 641 1332 autem
680 1284 729 1330 in
769 1283 989 1346 singulos
1027 1301 1183 1331 annos
1224 1284 1487 1350 decuplum
1529 1285 1722 1334 debete.
1776 1286 1838 1334 Et
1876 1286 1997 1334 haec

147 1366 348 1430 quidem
376 1366 662 1431 pecuniaria
689 1366 821 1431 ejus,
851 1367 933 1429 qui
962 1383 1165 1414 uxorem
1192 1367 1368 1415 ducere
1398 1386 1496 1416 non
1525 1369 1649 1429 vult,
1678 1385 1840 1434 poena
1867 1377 1998 1429 esto;

147 1448 331 1497 honore
359 1457 524 1497 autem
550 1466 580 1497 a
609 1449 889 1513 junioribus
917 1448 1145 1497 habendo
1173 1450 1394 1514 privator
1431 1452 1590 1511 omni,
1632 1469 1792 1516 neque
1831 1453 1995 1501 adole-

146 1548 290 1580 scens
318 1530 444 1580 ullus
469 1531 568 1579 ulla
595 1532 643 1579 in
671 1549 722 1579 re
750 1538 927 1596 sponte
954 1532 996 1579 ei
1025 1531 1239 1581 obedito.

292 1614 439 1680 Apud
465 1615 717 1664 Romanos
746 1630 833 1680 per
859 1615 1017 1679 legem
1039 1616 1227 1664 Julian]
1256 1617 1466 1665 caelibes
1494 1618 1886 1682 prohibebantur
1914 1619 1995 1668 he-

145 1699 379 1748 reditates
405 1698 669 1763 legataque
707 1707 1001 1748 testamento
1041 1717 1233 1765 capere.
1276 1700 1351 1759 (Gr
1368 1701 1455 1764 aji
1497 1702 1712 1750 Instit.
1755 1704 1818 1762 ΙΙ,
1847 1703 1993 1761 286.)

288 1782 547 1830 Sozomeni
588 1783 756 1830 histor.
794 1783 966 1830 eccles.
996 1784 1031 1843 Ι,
1062 1783 1117 1829 9:
1160 1779 1329 1843 Νόμος
1371 1776 1432 1838 ἦν
1462 1777 1738 1846 εΡωμαίοις
1780 1782 1991 1839 παλαιὸς

146 1860 247 1909 ἀπὸ
277 1862 439 1910 εἴκοσι
479 1867 568 1910 καὶ
610 1867 752 1911 πέντε
793 1863 947 1920 ἑτῶν,
990 1863 1091 1911 τῶν
1131 1864 1255 1912 ἴσων
1295 1862 1572 1922 ἀξιοῦσθαι
1616 1864 1835 1915 κωλύων
1872 1865 1993 1921 τούς

146 1943 376 2012 ἀγάμους
415 1954 518 2002 τοῖς
551 1945 622 2009 μή
664 1951 947 2004 τοιούτοις,
990 1950 1097 2010 περὶ
1134 1943 1265 1996 ἄλλα
1302 1969 1354 1996 τε
1394 1948 1554 1997 πολλοὶ
1577 1988 1587 2006 ,
1627 1954 1718 1998 καὶ
1755 1949 1812 1999 τὸ
1835 1950 1996 2015 μηδὲν

145 2028 438 2093 κερδαίνειν
465 2034 524 2079 ἐκ
554 2030 804 2090 διαθήκης
841 2030 998 2086 τούς
1031 2029 1114 2094 μὴ
1155 2035 1329 2098 γένει
1372 2032 1717 2100 ἐγγυτάτω
1757 2034 1993 2099 προσή-

147 2134 181 2159 κ
200 2132 226 2160 ο
244 2132 412 2168 ντας.
454 2116 636 2175 (Vetus
672 2118 748 2165 lex
784 2118 873 2165 fuit
900 2105 1030 2182 apud
1059 2118 1334 2173 Romanos,
1376 2136 1501 2183 quae
1532 2121 1757 2180 vetabat,
1796 2138 1858 2168 ne
1885 2137 1992 2169 cae-

145 2198 269 2248 libes
297 2199 357 2247 ab
386 2216 516 2248 anno
545 2201 715 2248 aetatis
744 2200 913 2263 quinto
941 2217 998 2247 ac
1023 2200 1254 2248 vicesimo
1289 2203 1393 2266 pari
1426 2202 1537 2266 jure
1566 2211 1730 2251 essent
1756 2219 1866 2251 cum
1892 2219 1992 2250 ma-

145 2282 275 2341 ritis,
304 2291 407 2330 tum
434 2283 484 2331 in
511 2284 617 2332 aliis
645 2284 867 2349 plurimis
894 2283 1067 2343 rebus,
1094 2291 1200 2331 tum
1226 2285 1274 2331 in
1304 2302 1385 2344 ec,
1415 2292 1468 2332 ut
1494 2285 1615 2334 nihil
1643 2303 1667 2333 e
1696 2293 1992 2335 testamento

146 2373 405 2429 caperent,
447 2367 550 2430 qui
590 2383 712 2415 non
752 2375 976 2415 essent
1015 2384 1260 2431 genere
1301 2385 1413 2432 pro
1437 2368 1632 2426 ximi.)

289 2459 385 2508 Sed
414 2460 765 2510 Constantinus
792 2461 1002 2525 Magnus
1027 2463 1190 2525 legem
1218 2463 1343 2510 hanc
1382 2463 1672 2527 abrogavit,
1717 2464 1989 2528 praecepit-

146 2560 266 2606 que,
296 2550 349 2590 ut
375 2543 586 2592 caelibes
613 2546 718 2609 pari
738 2546 875 2610 jure,
905 2562 1001 2608 quo
1029 2545 1199 2609 reliqui
1229 2563 1398 2594 omnes
1426 2547 1716 2594 fruerentur.
1759 2542 1989 2594 Πάντων

145 2623 245 2670 τῶν
274 2618 476 2686 ὁμοίων
503 2622 785 2673 ἀπολαύειν
810 2625 929 2681 τούς
956 2624 1197 2693 ἀγάμους.
1240 2629 1335 2688 (Ib
1353 2630 1366 2676 i
1384 2628 1456 2688 d.)

910 2767 1010 2820 Ad
1046 2769 1223 2822 1184.

288 2877 448 2942 Hujus
488 2877 610 2941 legis
651 2885 900 2925 auctorem
927 2879 1262 2945 Philippidem
1302 2879 1418 2927 facit
1455 2878 1702 2943 Crobylus
1742 2880 1985 2939 comicus,

144 2968 268 3009 teste
297 2960 692 3025 Harpocratione
719 2978 755 3009 s
784 2979 829 3009 v.
858 2954 936 3015 ὅτι
958 2962 1144 3020 χιλίας.

287 3043 517 3092 Clemens
545 3042 809 3093 Alexand1.
838 3045 1123 3109 Paedagog.
1152 3047 1213 3105 ΙΙ,
1242 3063 1349 3110 cap.
1370 3044 1448 3106 10,
1478 3062 1522 3109 p.
1543 3044 1659 3093 233
1687 3046 1762 3095 ed.
1791 3047 1984 3096 Potter:

145 3120 337 3191 ἄγαμαι
378 3124 479 3173 τῶν
519 3123 951 3187 Λακεδαιμονίων
990 3125 1079 3184 τὴν
1121 3124 1271 3174 πόλιν
1310 3124 1403 3184 τὴν
1443 3125 1693 3184 παλαιάν,
1736 3149 1760 3186 η
1800 3127 1985 3191 μόναις

144 3214 250 3263 ταῖς
278 3212 460 3272 ἑτέραις
487 3205 712 3262 ἀνθίνας
739 3209 954 3267 ἐσθῆτας
981 3212 1072 3256 καὶ
1106 3208 1345 3272 χρυσοῦν
1382 3208 1582 3273 κόσμον
1618 3214 1856 3275 ἐπέτρεψε
1883 3230 1984 3270 φο-

145 3296 278 3352 ρεῖν,
321 3289 670 3355 ἀφαιρουμένη
697 3289 799 3338 τῶν
827 3289 1059 3353 δοκίμων
1086 3291 1354 3358 γυναικῶν
1380 3291 1473 3351 τὴν
1499 3296 1877 3356 φιλοκοσμίαν,
1913 3293 1985 3356 τῷ

138 3371 321 3432 μόναις
359 3379 558 3435 ἐφεῖναι
596 3378 1009 3433 καλλωπίζεσθαι
1043 3383 1150 3430 ταῖς
1183 3376 1510 3440 ἑταιρούσαις.
1563 3380 1822 3439 (Admiror
1850 3388 1982 3428 vete-

1618 3461 1703 3502 37ΐὲ
