<?xml version="1.0" encoding="UTF-8"?>
<!DOCTYPE html PUBLIC "-//W3C//DTD XHTML 1.0 Transitional//EN"
    "http://www.w3.org/TR/xhtml1/DTD/xhtml1-transitional.dtd">
<html xmlns="http://www.w3.org/1999/xhtml" xml:lang="en" lang="en">
 <head>
  <title>
</title>
<meta http-equiv="Content-Type" content="text/html;charset=utf-8" />
  <meta name='ocr-system' content='tesseract 3.04.00' />
  <meta name='ocr-capabilities' content='ocr_page ocr_carea ocr_par ocr_line ocrx_word'/>
</head>
<body>
  <div class='ocr_page' id='page_1' title='image "./synaggtnattiknno00tluoft_0615.png"; bbox 0 0 2114 3642; ppageno 0'>
   <div class='ocr_carea' id='block_1_1' title="bbox 569 220 1934 267">
    <p class='ocr_par' dir='ltr' id='par_1_1' title="bbox 569 220 1934 267">
     <span class='ocr_line' id='line_1_1' title="bbox 569 220 1934 267; baseline 0.004 -5"><span class='ocrx_word' id='word_1_1' title='bbox 569 230 977 263; x_wconf 76' lang='lat' dir='ltr'>COMMENTARIUS</span> <span class='ocrx_word' id='word_1_2' title='bbox 1007 231 1074 262; x_wconf 69' lang='lat' dir='ltr'>An</span> <span class='ocrx_word' id='word_1_3' title='bbox 1104 227 1207 263; x_wconf 79' lang='lat'>1270.</span> <span class='ocrx_word' id='word_1_4' title='bbox 1237 230 1340 265; x_wconf 79' lang='lat'>1274.</span> <span class='ocrx_word' id='word_1_5' title='bbox 1369 229 1472 265; x_wconf 84' lang='lat'>1275.</span> <span class='ocrx_word' id='word_1_6' title='bbox 1835 220 1934 267; x_wconf 83' lang='lat'>589</span> 
     </span>
    </p>
   </div>
   <div class='ocr_carea' id='block_1_2' title="bbox 96 354 1934 504">
    <p class='ocr_par' dir='ltr' id='par_1_2' title="bbox 96 354 1934 504">
     <span class='ocr_line' id='line_1_2' title="bbox 96 354 1934 423; baseline 0.003 -19"><span class='ocrx_word' id='word_1_7' title='bbox 96 354 369 421; x_wconf 86' lang='lat' dir='ltr'>Olympicis</span> <span class='ocrx_word' id='word_1_8' title='bbox 397 356 522 405; x_wconf 89' lang='lat' dir='ltr'>ludis</span> <span class='ocrx_word' id='word_1_9' title='bbox 549 357 761 405; x_wconf 85' lang='lat' dir='ltr'>victores</span> <span class='ocrx_word' id='word_1_10' title='bbox 789 356 1026 406; x_wconf 87' lang='lat' dir='ltr'>abierant.</span> <span class='ocrx_word' id='word_1_11' title='bbox 1070 358 1143 407; x_wconf 81' lang='lat' dir='ltr'>Ex</span> <span class='ocrx_word' id='word_1_12' title='bbox 1171 376 1228 406; x_wconf 88' lang='lat' dir='ltr'>eo</span> <span class='ocrx_word' id='word_1_13' title='bbox 1256 359 1365 423; x_wconf 85' lang='lat' dir='ltr'>lege</span> <span class='ocrx_word' id='word_1_14' title='bbox 1393 359 1658 421; x_wconf 83' lang='lat' dir='ltr'>sancitum,</span> <span class='ocrx_word' id='word_1_15' title='bbox 1689 368 1740 409; x_wconf 90' lang='lat' dir='ltr'>ut</span> <span class='ocrx_word' id='word_1_16' title='bbox 1767 362 1934 411; x_wconf 86' lang='lat' dir='ltr'>nudati</span> 
     </span>
     <span class='ocr_line' id='line_1_3' title="bbox 96 438 1236 504; baseline 0.003 -18"><span class='ocrx_word' id='word_1_17' title='bbox 96 438 325 488; x_wconf 79' lang='lat' dir='ltr'>adessent</span> <span class='ocrx_word' id='word_1_18' title='bbox 351 439 414 488; x_wconf 91' lang='lat' dir='ltr'>ad</span> <span class='ocrx_word' id='word_1_19' title='bbox 441 439 678 488; x_wconf 84' lang='lat' dir='ltr'>ludicrum</span> <span class='ocrx_word' id='word_1_20' title='bbox 706 440 797 504; x_wconf 92' lang='lat' dir='ltr'>ipsi</span> <span class='ocrx_word' id='word_1_21' title='bbox 827 441 972 488; x_wconf 87' lang='lat' dir='ltr'>etiam</span> <span class='ocrx_word' id='word_1_22' title='bbox 1000 442 1236 504; x_wconf 80' lang='lat' dir='ltr'>magistri.</span> 
     </span>
    </p>
   </div>
   <div class='ocr_carea' id='block_1_3' title="bbox 92 659 1935 1978">
    <p class='ocr_par' dir='ltr' id='par_1_3' title="bbox 94 659 1935 962">
     <span class='ocr_line' id='line_1_4' title="bbox 236 659 1933 730; baseline 0.003 -21"><span class='ocrx_word' id='word_1_23' title='bbox 236 664 437 714; x_wconf 80' lang='lat' dir='ltr'>Suidas:</span> <span class='ocrx_word' id='word_1_24' title='bbox 479 661 709 725; x_wconf 77' lang='grc' dir='ltr'><em>δόλιχος,</em></span> <span class='ocrx_word' id='word_1_25' title='bbox 753 659 920 727; x_wconf 74' lang='grc' dir='ltr'><em>ὄνομα</em></span> <span class='ocrx_word' id='word_1_26' title='bbox 959 665 1050 713; x_wconf 73' lang='grc' dir='ltr'>τοῦ</span> <span class='ocrx_word' id='word_1_27' title='bbox 1096 664 1313 728; x_wconf 78' lang='grc' dir='ltr'><em>δρόμου·</em></span> <span class='ocrx_word' id='word_1_28' title='bbox 1357 670 1454 715; x_wconf 76' lang='grc' dir='ltr'>ἐστι</span> <span class='ocrx_word' id='word_1_29' title='bbox 1493 666 1542 715; x_wconf 69' lang='grc' dir='ltr'>δὲ</span> <span class='ocrx_word' id='word_1_30' title='bbox 1573 663 1598 715; x_wconf 80' lang='grc' dir='ltr'><em>ὁ</em></span> <span class='ocrx_word' id='word_1_31' title='bbox 1630 666 1832 730; x_wconf 73' lang='grc' dir='ltr'><em>δόλιχος</em></span> <span class='ocrx_word' id='word_1_32' title='bbox 1859 667 1933 714; x_wconf 83' lang='grc' dir='ltr'>εἴ-</span> 
     </span>
     <span class='ocr_line' id='line_1_5' title="bbox 96 745 1935 811; baseline 0.004 -19"><span class='ocrx_word' id='word_1_33' title='bbox 96 762 210 792; x_wconf 72' lang='grc' dir='ltr'>κοσι</span> <span class='ocrx_word' id='word_1_34' title='bbox 242 745 431 796; x_wconf 79' lang='grc' dir='ltr'>στάδια.</span> <span class='ocrx_word' id='word_1_35' title='bbox 485 749 778 808; x_wconf 85' lang='lat' dir='ltr'>(Dolichus,</span> <span class='ocrx_word' id='word_1_36' title='bbox 820 767 1001 798; x_wconf 88' lang='lat' dir='ltr'>nomen</span> <span class='ocrx_word' id='word_1_37' title='bbox 1029 768 1224 811; x_wconf 49' lang='lat' dir='ltr'>cursum</span> <span class='ocrx_word' id='word_1_38' title='bbox 1266 752 1485 799; x_wconf 83' lang='lat' dir='ltr'>continet</span> <span class='ocrx_word' id='word_1_39' title='bbox 1525 760 1685 801; x_wconf 87' lang='lat' dir='ltr'>autem</span> <span class='ocrx_word' id='word_1_40' title='bbox 1713 753 1935 801; x_wconf 80' lang='lat' dir='ltr'>dolichus</span> 
     </span>
     <span class='ocr_line' id='line_1_6' title="bbox 96 831 1934 899; baseline 0.002 -19"><span class='ocrx_word' id='word_1_41' title='bbox 96 831 205 880; x_wconf 87' lang='lat' dir='ltr'>XX.</span> <span class='ocrx_word' id='word_1_42' title='bbox 242 831 441 889; x_wconf 84' lang='lat' dir='ltr'>stadia.)</span> <span class='ocrx_word' id='word_1_43' title='bbox 502 831 687 881; x_wconf 82' lang='lat' dir='ltr'><strong>Omnes</strong></span> <span class='ocrx_word' id='word_1_44' title='bbox 725 832 958 891; x_wconf 77' lang='lat' dir='ltr'>Codices,</span> <span class='ocrx_word' id='word_1_45' title='bbox 1001 835 1220 899; x_wconf 83' lang='lat' dir='ltr'>exceptis</span> <span class='ocrx_word' id='word_1_46' title='bbox 1263 834 1483 891; x_wconf 86' lang='lat' dir='ltr'>duobus,</span> <span class='ocrx_word' id='word_1_47' title='bbox 1524 835 1709 883; x_wconf 83' lang='lat' dir='ltr'>habent</span> <span class='ocrx_word' id='word_1_48' title='bbox 1749 834 1934 883; x_wconf 86' lang='lat' dir='ltr'>XXIV.</span> 
     </span>
     <span class='ocr_line' id='line_1_7' title="bbox 94 914 260 962; baseline 0 -1"><span class='ocrx_word' id='word_1_49' title='bbox 94 914 260 962; x_wconf 83' lang='lat' dir='ltr'>stadia.</span> 
     </span>
    </p>

    <p class='ocr_par' dir='ltr' id='par_1_4' title="bbox 92 990 1934 1391">
     <span class='ocr_line' id='line_1_8' title="bbox 235 990 1934 1060; baseline 0.001 -15"><span class='ocrx_word' id='word_1_50' title='bbox 235 996 398 1045; x_wconf 83' lang='lat' dir='ltr'>Idem:</span> <span class='ocrx_word' id='word_1_51' title='bbox 441 995 674 1052; x_wconf 79' lang='grc' dir='ltr'><em>δίαυλος,</em></span> <span class='ocrx_word' id='word_1_52' title='bbox 704 990 730 1043; x_wconf 79' lang='grc' dir='ltr'>ὁ</span> <span class='ocrx_word' id='word_1_53' title='bbox 762 994 1013 1051; x_wconf 71' lang='grc' dir='ltr'><em>διστάδιος</em></span> <span class='ocrx_word' id='word_1_54' title='bbox 1039 995 1216 1051; x_wconf 76' lang='grc' dir='ltr'><em>τόπος·</em></span> <span class='ocrx_word' id='word_1_55' title='bbox 1261 993 1288 1055; x_wconf 68' lang='grc' dir='ltr'><strong><em>ἢ</em></strong></span> <span class='ocrx_word' id='word_1_56' title='bbox 1308 1002 1495 1060; x_wconf 77' lang='grc' dir='ltr'><em>μέτρον</em></span> <span class='ocrx_word' id='word_1_57' title='bbox 1524 996 1724 1058; x_wconf 51' lang='lat' dir='ltr'>wilton!</span> <span class='ocrx_word' id='word_1_58' title='bbox 1753 999 1934 1047; x_wconf 81' lang='grc' dir='ltr'><em>διακο-</em></span> 
     </span>
     <span class='ocr_line' id='line_1_9' title="bbox 94 1073 1932 1145; baseline 0.003 -21"><span class='ocrx_word' id='word_1_59' title='bbox 94 1080 229 1128; x_wconf 80' lang='grc' dir='ltr'><strong>σίων.</strong></span> <span class='ocrx_word' id='word_1_60' title='bbox 259 1118 267 1128; x_wconf 93' lang='grc'><strong>.</strong></span> <span class='ocrx_word' id='word_1_61' title='bbox 300 1118 306 1126; x_wconf 93' lang='grc'><strong>.</strong></span> <span class='ocrx_word' id='word_1_62' title='bbox 338 1073 434 1128; x_wconf 66' lang='lat'>.‘()</span> <span class='ocrx_word' id='word_1_63' title='bbox 463 1077 634 1127; x_wconf 78' lang='grc' dir='ltr'><em>διττόν</em></span> <span class='ocrx_word' id='word_1_64' title='bbox 675 1081 808 1140; x_wconf 68' lang='grc' dir='ltr'>ἔχων</span> <span class='ocrx_word' id='word_1_65' title='bbox 833 1077 927 1127; x_wconf 80' lang='grc' dir='ltr'>τὸν</span> <span class='ocrx_word' id='word_1_66' title='bbox 955 1078 1150 1142; x_wconf 71' lang='grc' dir='ltr'><em>δρόμον</em></span> <span class='ocrx_word' id='word_1_67' title='bbox 1176 1084 1231 1127; x_wconf 76' lang='grc' dir='ltr'>ἐν</span> <span class='ocrx_word' id='word_1_68' title='bbox 1258 1078 1316 1142; x_wconf 73' lang='grc' dir='ltr'>τῇ</span> <span class='ocrx_word' id='word_1_69' title='bbox 1347 1083 1523 1144; x_wconf 75' lang='grc' dir='ltr'><em>πορείᾳ</em></span> <span class='ocrx_word' id='word_1_70' title='bbox 1544 1119 1554 1137; x_wconf 86' lang='grc'><em>,</em></span> <span class='ocrx_word' id='word_1_71' title='bbox 1595 1079 1652 1128; x_wconf 80' lang='grc' dir='ltr'>τὸ</span> <span class='ocrx_word' id='word_1_72' title='bbox 1684 1082 1932 1145; x_wconf 74' lang='grc' dir='ltr'>πληρῶσαι</span> 
     </span>
     <span class='ocr_line' id='line_1_10' title="bbox 92 1157 1932 1227; baseline 0.004 -19"><span class='ocrx_word' id='word_1_73' title='bbox 92 1158 150 1208; x_wconf 84' lang='grc' dir='ltr'>τὸ</span> <span class='ocrx_word' id='word_1_74' title='bbox 180 1159 390 1209; x_wconf 76' lang='grc' dir='ltr'><em>στάδιον</em></span> <span class='ocrx_word' id='word_1_75' title='bbox 416 1166 504 1209; x_wconf 75' lang='grc' dir='ltr'>καὶ</span> <span class='ocrx_word' id='word_1_76' title='bbox 534 1157 863 1227; x_wconf 71' lang='grc' dir='ltr'>ὑποστρέψαι.</span> <span class='ocrx_word' id='word_1_77' title='bbox 900 1164 1130 1225; x_wconf 79' lang='lat' dir='ltr'>(Diaulus</span> <span class='ocrx_word' id='word_1_78' title='bbox 1159 1173 1231 1213; x_wconf 86' lang='lat' dir='ltr'>est</span> <span class='ocrx_word' id='word_1_79' title='bbox 1258 1165 1395 1213; x_wconf 86' lang='lat' dir='ltr'>locus</span> <span class='ocrx_word' id='word_1_80' title='bbox 1423 1165 1520 1214; x_wconf 85' lang='lat' dir='ltr'>duo</span> <span class='ocrx_word' id='word_1_81' title='bbox 1548 1166 1734 1215; x_wconf 87' lang='lat' dir='ltr'>habens</span> <span class='ocrx_word' id='word_1_82' title='bbox 1762 1167 1932 1215; x_wconf 86' lang='lat' dir='ltr'>stadia.</span> 
     </span>
     <span class='ocr_line' id='line_1_11' title="bbox 97 1245 1933 1312; baseline 0.002 -18"><span class='ocrx_word' id='word_1_83' title='bbox 97 1245 189 1294; x_wconf 84' lang='lat' dir='ltr'>Vel</span> <span class='ocrx_word' id='word_1_84' title='bbox 220 1263 450 1294; x_wconf 85' lang='lat' dir='ltr'>mensura</span> <span class='ocrx_word' id='word_1_85' title='bbox 477 1247 799 1296; x_wconf 86' lang='lat' dir='ltr'>ducentorum</span> <span class='ocrx_word' id='word_1_86' title='bbox 827 1248 1116 1295; x_wconf 88' lang='lat' dir='ltr'>cubitorum.</span> <span class='ocrx_word' id='word_1_87' title='bbox 1147 1285 1155 1295; x_wconf 94' lang='lat'>.</span> <span class='ocrx_word' id='word_1_88' title='bbox 1186 1286 1194 1295; x_wconf 89' lang='lat'>.</span> <span class='ocrx_word' id='word_1_89' title='bbox 1224 1286 1232 1295; x_wconf 96' lang='lat'>.</span> <span class='ocrx_word' id='word_1_90' title='bbox 1263 1246 1468 1308; x_wconf 84' lang='lat' dir='ltr'>Cursus,</span> <span class='ocrx_word' id='word_1_91' title='bbox 1499 1266 1594 1312; x_wconf 91' lang='lat' dir='ltr'>quo</span> <span class='ocrx_word' id='word_1_92' title='bbox 1624 1249 1830 1298; x_wconf 86' lang='lat' dir='ltr'>stadium</span> <span class='ocrx_word' id='word_1_93' title='bbox 1858 1250 1933 1297; x_wconf 85' lang='lat' dir='ltr'>bis</span> 
     </span>
     <span class='ocr_line' id='line_1_12' title="bbox 93 1328 1932 1391; baseline 0.003 -15"><span class='ocrx_word' id='word_1_94' title='bbox 93 1328 379 1390; x_wconf 85' lang='lat' dir='ltr'>decurritur,</span> <span class='ocrx_word' id='word_1_95' title='bbox 408 1347 436 1377; x_wconf 89' lang='lat' dir='ltr'>a</span> <span class='ocrx_word' id='word_1_96' title='bbox 463 1331 742 1378; x_wconf 74' lang='lat' dir='ltr'>carceribus</span> <span class='ocrx_word' id='word_1_97' title='bbox 771 1330 832 1378; x_wconf 86' lang='lat' dir='ltr'>ad</span> <span class='ocrx_word' id='word_1_98' title='bbox 861 1338 1067 1391; x_wconf 83' lang='lat' dir='ltr'>metam,</span> <span class='ocrx_word' id='word_1_99' title='bbox 1098 1339 1145 1378; x_wconf 90' lang='lat' dir='ltr'>et</span> <span class='ocrx_word' id='word_1_100' title='bbox 1174 1348 1201 1377; x_wconf 88' lang='lat' dir='ltr'>a</span> <span class='ocrx_word' id='word_1_101' title='bbox 1229 1340 1360 1379; x_wconf 88' lang='lat' dir='ltr'>meta</span> <span class='ocrx_word' id='word_1_102' title='bbox 1387 1349 1552 1379; x_wconf 84' lang='lat' dir='ltr'>rursus</span> <span class='ocrx_word' id='word_1_103' title='bbox 1579 1333 1640 1381; x_wconf 90' lang='lat' dir='ltr'>ad</span> <span class='ocrx_word' id='word_1_104' title='bbox 1669 1335 1932 1391; x_wconf 75' lang='lat' dir='ltr'>carceres.)</span> 
     </span>
    </p>

    <p class='ocr_par' dir='ltr' id='par_1_5' title="bbox 92 1410 1935 1809">
     <span class='ocr_line' id='line_1_13' title="bbox 236 1410 1935 1480; baseline 0.002 -20"><span class='ocrx_word' id='word_1_105' title='bbox 236 1412 397 1473; x_wconf 84' lang='lat' dir='ltr'>Quum</span> <span class='ocrx_word' id='word_1_106' title='bbox 426 1412 601 1462; x_wconf 84' lang='lat' dir='ltr'>Suidas</span> <span class='ocrx_word' id='word_1_107' title='bbox 641 1433 677 1461; x_wconf 83' lang='lat' dir='ltr'>s.</span> <span class='ocrx_word' id='word_1_108' title='bbox 707 1432 749 1461; x_wconf 86' lang='lat' dir='ltr'>v.</span> <span class='ocrx_word' id='word_1_109' title='bbox 791 1410 996 1466; x_wconf 82' lang='grc' dir='ltr'><em>δίαυλος</em></span> <span class='ocrx_word' id='word_1_110' title='bbox 1036 1413 1192 1473; x_wconf 84' lang='lat' dir='ltr'>dicat,</span> <span class='ocrx_word' id='word_1_111' title='bbox 1234 1413 1480 1461; x_wconf 88' lang='lat' dir='ltr'>dolichum</span> <span class='ocrx_word' id='word_1_112' title='bbox 1520 1423 1709 1480; x_wconf 84' lang='lat' dir='ltr'>septem</span> <span class='ocrx_word' id='word_1_113' title='bbox 1744 1424 1935 1464; x_wconf 86' lang='lat' dir='ltr'>tantum</span> 
     </span>
     <span class='ocr_line' id='line_1_14' title="bbox 92 1496 1934 1563; baseline 0.002 -20"><span class='ocrx_word' id='word_1_114' title='bbox 92 1496 250 1545; x_wconf 79' lang='lat' dir='ltr'>stadia</span> <span class='ocrx_word' id='word_1_115' title='bbox 287 1497 543 1556; x_wconf 79' lang='lat' dir='ltr'>habuisse,</span> <span class='ocrx_word' id='word_1_116' title='bbox 585 1497 694 1544; x_wconf 86' lang='lat' dir='ltr'>ideo</span> <span class='ocrx_word' id='word_1_117' title='bbox 737 1496 1049 1544; x_wconf 83' lang='lat' dir='ltr'>doctissimus</span> <span class='ocrx_word' id='word_1_118' title='bbox 1090 1497 1370 1544; x_wconf 85' lang='lat' dir='ltr'>Boeckhius</span> <span class='ocrx_word' id='word_1_119' title='bbox 1413 1496 1589 1563; x_wconf 84' lang='lat' dir='ltr'>(Corp.</span> <span class='ocrx_word' id='word_1_120' title='bbox 1626 1499 1770 1547; x_wconf 83' lang='lat' dir='ltr'>inscr.</span> <span class='ocrx_word' id='word_1_121' title='bbox 1801 1516 1870 1563; x_wconf 80' lang='lat' dir='ltr'>gr.</span> <span class='ocrx_word' id='word_1_122' title='bbox 1898 1500 1934 1547; x_wconf 90' lang='lat' dir='ltr'>I.</span> 
     </span>
     <span class='ocr_line' id='line_1_15' title="bbox 92 1579 1932 1645; baseline 0.002 -19"><span class='ocrx_word' id='word_1_123' title='bbox 92 1598 137 1644; x_wconf 91' lang='lat' dir='ltr'>p.</span> <span class='ocrx_word' id='word_1_124' title='bbox 168 1580 293 1640; x_wconf 82' lang='lat'>703)</span> <span class='ocrx_word' id='word_1_125' title='bbox 323 1581 560 1645; x_wconf 82' lang='lat' dir='ltr'>conjecit,</span> <span class='ocrx_word' id='word_1_126' title='bbox 603 1579 872 1639; x_wconf 87' lang='lat' dir='ltr'>dolichum,</span> <span class='ocrx_word' id='word_1_127' title='bbox 915 1582 1053 1645; x_wconf 85' lang='lat' dir='ltr'>cujus</span> <span class='ocrx_word' id='word_1_128' title='bbox 1094 1597 1323 1628; x_wconf 83' lang='lat' dir='ltr'>mensura</span> <span class='ocrx_word' id='word_1_129' title='bbox 1362 1590 1551 1645; x_wconf 81' lang='lat' dir='ltr'>septem</span> <span class='ocrx_word' id='word_1_130' title='bbox 1594 1591 1720 1630; x_wconf 85' lang='lat' dir='ltr'>esset</span> <span class='ocrx_word' id='word_1_131' title='bbox 1754 1581 1932 1630; x_wconf 82' lang='lat' dir='ltr'>stadio-</span> 
     </span>
     <span class='ocr_line' id='line_1_16' title="bbox 94 1663 1933 1729; baseline 0 -18"><span class='ocrx_word' id='word_1_132' title='bbox 94 1680 222 1723; x_wconf 85' lang='lat' dir='ltr'>rum,</span> <span class='ocrx_word' id='word_1_133' title='bbox 265 1665 630 1727; x_wconf 77' lang='lat' dir='ltr'>vulgarem,</span> <span class='ocrx_word' id='word_1_134' title='bbox 672 1665 811 1729; x_wconf 87' lang='lat' dir='ltr'>cujus</span> <span class='ocrx_word' id='word_1_135' title='bbox 850 1671 1012 1711; x_wconf 86' lang='lat' dir='ltr'>autem</span> <span class='ocrx_word' id='word_1_136' title='bbox 1054 1663 1464 1728; x_wconf 73' lang='lat' dir='ltr'>vigintiquatuor,</span> <span class='ocrx_word' id='word_1_137' title='bbox 1507 1666 1815 1728; x_wconf 86' lang='lat' dir='ltr'>majorem</span> <span class='ocrx_word' id='word_1_138' title='bbox 1858 1664 1933 1713; x_wconf 88' lang='lat' dir='ltr'>vel</span> 
     </span>
     <span class='ocr_line' id='line_1_17' title="bbox 93 1747 940 1809; baseline 0.001 -15"><span class='ocrx_word' id='word_1_139' title='bbox 93 1754 466 1809; x_wconf 85' lang='lat' dir='ltr'>equestrem</span> <span class='ocrx_word' id='word_1_140' title='bbox 506 1748 735 1806; x_wconf 74' lang='grc' dir='ltr'>(ἵππιον)</span> <span class='ocrx_word' id='word_1_141' title='bbox 777 1747 940 1795; x_wconf 85' lang='lat' dir='ltr'>fuisse.</span> 
     </span>
    </p>

    <p class='ocr_par' dir='ltr' id='par_1_6' title="bbox 92 1830 1932 1978">
     <span class='ocr_line' id='line_1_18' title="bbox 236 1830 1932 1896; baseline 0 -18"><span class='ocrx_word' id='word_1_142' title='bbox 236 1831 292 1878; x_wconf 91' lang='lat' dir='ltr'>In</span> <span class='ocrx_word' id='word_1_143' title='bbox 320 1831 581 1879; x_wconf 86' lang='lat' dir='ltr'>Pancratio</span> <span class='ocrx_word' id='word_1_144' title='bbox 611 1831 801 1896; x_wconf 83' lang='lat' dir='ltr'>pugiles</span> <span class='ocrx_word' id='word_1_145' title='bbox 840 1831 1067 1878; x_wconf 84' lang='lat' dir='ltr'>manibus</span> <span class='ocrx_word' id='word_1_146' title='bbox 1096 1838 1144 1877; x_wconf 88' lang='lat' dir='ltr'>et</span> <span class='ocrx_word' id='word_1_147' title='bbox 1170 1830 1381 1894; x_wconf 87' lang='lat' dir='ltr'>pedibus</span> <span class='ocrx_word' id='word_1_148' title='bbox 1423 1830 1743 1894; x_wconf 82' lang='lat' dir='ltr'>pugnabant,</span> <span class='ocrx_word' id='word_1_149' title='bbox 1784 1839 1836 1878; x_wconf 88' lang='lat' dir='ltr'>ut</span> <span class='ocrx_word' id='word_1_150' title='bbox 1863 1831 1932 1878; x_wconf 87' lang='lat' dir='ltr'>di-</span> 
     </span>
     <span class='ocr_line' id='line_1_19' title="bbox 92 1911 971 1978; baseline 0.002 -19"><span class='ocrx_word' id='word_1_151' title='bbox 92 1912 156 1959; x_wconf 77' lang='lat' dir='ltr'>cit</span> <span class='ocrx_word' id='word_1_152' title='bbox 184 1911 359 1962; x_wconf 84' lang='lat' dir='ltr'>Suidas</span> <span class='ocrx_word' id='word_1_153' title='bbox 388 1932 424 1962; x_wconf 85' lang='lat' dir='ltr'>S.</span> <span class='ocrx_word' id='word_1_154' title='bbox 456 1933 497 1962; x_wconf 80' lang='lat' dir='ltr'>v,</span> <span class='ocrx_word' id='word_1_155' title='bbox 527 1918 971 1978; x_wconf 76' lang='grc' dir='ltr'>παγκρατιασταῖς.</span> 
     </span>
    </p>
   </div>
   <div class='ocr_carea' id='block_1_4' title="bbox 235 1995 1617 2178">
    <p class='ocr_par' dir='ltr' id='par_1_7' title="bbox 235 1995 1617 2178">
     <span class='ocr_line' id='line_1_20' title="bbox 235 1995 1617 2062; baseline 0.001 -18"><span class='ocrx_word' id='word_1_156' title='bbox 235 1995 308 2045; x_wconf 83' lang='lat' dir='ltr'>Of.</span> <span class='ocrx_word' id='word_1_157' title='bbox 338 1997 486 2045; x_wconf 84' lang='lat' dir='ltr'>schol.</span> <span class='ocrx_word' id='word_1_158' title='bbox 516 1999 564 2044; x_wconf 88' lang='lat' dir='ltr'>in</span> <span class='ocrx_word' id='word_1_159' title='bbox 594 1997 786 2046; x_wconf 88' lang='lat' dir='ltr'>Platon.</span> <span class='ocrx_word' id='word_1_160' title='bbox 814 1998 1055 2062; x_wconf 89' lang='lat' dir='ltr'>rempubl.</span> <span class='ocrx_word' id='word_1_161' title='bbox 1084 2014 1196 2062; x_wconf 83' lang='lat' dir='ltr'>pag.</span> <span class='ocrx_word' id='word_1_162' title='bbox 1228 1998 1327 2044; x_wconf 84' lang='lat'>397</span> <span class='ocrx_word' id='word_1_163' title='bbox 1358 1998 1430 2046; x_wconf 85' lang='lat' dir='ltr'>ed.</span> <span class='ocrx_word' id='word_1_164' title='bbox 1463 1996 1617 2046; x_wconf 86' lang='lat' dir='ltr'>Bekk.</span> 
     </span>
     <span class='ocr_line' id='line_1_21' title="bbox 852 2125 1176 2178; baseline 0 -1"><span class='ocrx_word' id='word_1_165' title='bbox 852 2125 952 2177; x_wconf 83' lang='lat' dir='ltr'>Ad</span> <span class='ocrx_word' id='word_1_166' title='bbox 987 2126 1176 2178; x_wconf 81' lang='grc'>1274.</span> 
     </span>
    </p>
   </div>
   <div class='ocr_carea' id='block_1_5' title="bbox 92 2222 1931 2539">
    <p class='ocr_par' dir='ltr' id='par_1_8' title="bbox 92 2222 1931 2439">
     <span class='ocr_line' id='line_1_22' title="bbox 236 2222 1931 2289; baseline 0.001 -19"><span class='ocrx_word' id='word_1_167' title='bbox 236 2222 498 2272; x_wconf 83' lang='lat' dir='ltr'>Lucian.</span> <span class='ocrx_word' id='word_1_168' title='bbox 547 2222 896 2272; x_wconf 80' lang='lat' dir='ltr'>Anachars.</span> <span class='ocrx_word' id='word_1_169' title='bbox 939 2225 995 2271; x_wconf 84' lang='lat'>9:</span> <span class='ocrx_word' id='word_1_170' title='bbox 1049 2223 1312 2288; x_wconf 82' lang='lat' dir='ltr'>Olympiae</span> <span class='ocrx_word' id='word_1_171' title='bbox 1353 2241 1537 2272; x_wconf 85' lang='lat' dir='ltr'>corona</span> <span class='ocrx_word' id='word_1_172' title='bbox 1578 2225 1830 2289; x_wconf 77' lang='lat' dir='ltr'>oleagina3</span> <span class='ocrx_word' id='word_1_173' title='bbox 1883 2226 1931 2272; x_wconf 91' lang='lat' dir='ltr'>in</span> 
     </span>
     <span class='ocr_line' id='line_1_23' title="bbox 92 2306 1929 2374; baseline 0 -19"><span class='ocrx_word' id='word_1_174' title='bbox 92 2306 277 2355; x_wconf 82' lang='lat' dir='ltr'>Isthmo</span> <span class='ocrx_word' id='word_1_175' title='bbox 307 2308 364 2355; x_wconf 88' lang='lat' dir='ltr'>de</span> <span class='ocrx_word' id='word_1_176' title='bbox 392 2309 538 2374; x_wconf 71' lang='lat' dir='ltr'>pinu3</span> <span class='ocrx_word' id='word_1_177' title='bbox 580 2309 795 2356; x_wconf 87' lang='lat' dir='ltr'>Nemeae</span> <span class='ocrx_word' id='word_1_178' title='bbox 835 2307 892 2355; x_wconf 91' lang='lat' dir='ltr'>de</span> <span class='ocrx_word' id='word_1_179' title='bbox 932 2308 1044 2371; x_wconf 88' lang='lat' dir='ltr'>apio</span> <span class='ocrx_word' id='word_1_180' title='bbox 1083 2307 1254 2371; x_wconf 66' lang='lat' dir='ltr'>plexa,</span> <span class='ocrx_word' id='word_1_181' title='bbox 1293 2308 1342 2354; x_wconf 91' lang='lat' dir='ltr'>in</span> <span class='ocrx_word' id='word_1_182' title='bbox 1372 2307 1560 2373; x_wconf 78' lang='lat' dir='ltr'>pythiis</span> <span class='ocrx_word' id='word_1_183' title='bbox 1589 2326 1739 2372; x_wconf 85' lang='lat' dir='ltr'>poma</span> <span class='ocrx_word' id='word_1_184' title='bbox 1768 2308 1829 2355; x_wconf 86' lang='lat' dir='ltr'>de</span> <span class='ocrx_word' id='word_1_185' title='bbox 1856 2325 1929 2356; x_wconf 81' lang='lat' dir='ltr'>sa—</span> 
     </span>
     <span class='ocr_line' id='line_1_24' title="bbox 94 2390 321 2439; baseline 0.009 -2"><span class='ocrx_word' id='word_1_186' title='bbox 94 2390 185 2437; x_wconf 83' lang='lat' dir='ltr'>cris</span> <span class='ocrx_word' id='word_1_187' title='bbox 215 2391 321 2439; x_wconf 89' lang='lat' dir='ltr'>de0.</span> 
     </span>
    </p>

    <p class='ocr_par' dir='ltr' id='par_1_9' title="bbox 236 2469 1645 2539">
     <span class='ocr_line' id='line_1_25' title="bbox 236 2469 1645 2539; baseline -0.002 -17"><span class='ocrx_word' id='word_1_188' title='bbox 236 2474 308 2523; x_wconf 91' lang='lat' dir='ltr'>De</span> <span class='ocrx_word' id='word_1_189' title='bbox 337 2474 565 2539; x_wconf 83' lang='lat' dir='ltr'>praemiis</span> <span class='ocrx_word' id='word_1_190' title='bbox 592 2474 887 2522; x_wconf 78' lang='lat' dir='ltr'>athletarum</span> <span class='ocrx_word' id='word_1_191' title='bbox 914 2472 1290 2522; x_wconf 86' lang='lat' dir='ltr'>Atheniensium</span> <span class='ocrx_word' id='word_1_192' title='bbox 1317 2473 1428 2521; x_wconf 87' lang='lat' dir='ltr'>vide</span> <span class='ocrx_word' id='word_1_193' title='bbox 1457 2469 1500 2537; x_wconf 62' lang='grc' dir='ltr'>ξ.</span> <span class='ocrx_word' id='word_1_194' title='bbox 1531 2473 1645 2520; x_wconf 83' lang='grc'><strong>996.</strong></span> 
     </span>
    </p>
   </div>
   <div class='ocr_carea' id='block_1_6' title="bbox 854 2602 1174 2655">
    <p class='ocr_par' dir='ltr' id='par_1_10' title="bbox 854 2602 1174 2655">
     <span class='ocr_line' id='line_1_26' title="bbox 854 2602 1174 2655; baseline -0.006 0"><span class='ocrx_word' id='word_1_195' title='bbox 854 2602 952 2655; x_wconf 80' lang='lat' dir='ltr'>Ad</span> <span class='ocrx_word' id='word_1_196' title='bbox 984 2602 1174 2654; x_wconf 82' lang='lat'>12⁷5.</span> 
     </span>
    </p>
   </div>
   <div class='ocr_carea' id='block_1_7' title="bbox 92 2693 1944 3177">
    <p class='ocr_par' dir='ltr' id='par_1_11' title="bbox 92 2693 1944 2849">
     <span class='ocr_line' id='line_1_27' title="bbox 234 2693 1944 2766; baseline -0.002 -17"><span class='ocrx_word' id='word_1_197' title='bbox 234 2701 612 2766; x_wconf 83' lang='lat' dir='ltr'>Quinquennale</span> <span class='ocrx_word' id='word_1_198' title='bbox 647 2709 896 2749; x_wconf 78' lang='lat' dir='ltr'>cert-amen</span> <span class='ocrx_word' id='word_1_199' title='bbox 938 2693 1349 2760; x_wconf 65' lang='lat' dir='ltr'>(nwwewocxog</span> <span class='ocrx_word' id='word_1_200' title='bbox 1378 2693 1545 2763; x_wconf 72' lang='grc' dir='ltr'>ἀγών)</span> <span class='ocrx_word' id='word_1_201' title='bbox 1584 2697 1944 2747; x_wconf 66' lang='lat' dir='ltr'>celebrabatur⁴</span> 
     </span>
     <span class='ocr_line' id='line_1_28' title="bbox 92 2784 681 2849; baseline 0 -17"><span class='ocrx_word' id='word_1_202' title='bbox 92 2784 317 2833; x_wconf 83' lang='lat' dir='ltr'>absoluto</span> <span class='ocrx_word' id='word_1_203' title='bbox 344 2784 681 2849; x_wconf 83' lang='lat' dir='ltr'>quadriennio.</span> 
     </span>
    </p>

    <p class='ocr_par' dir='ltr' id='par_1_12' title="bbox 234 2866 1034 2916">
     <span class='ocr_line' id='line_1_29' title="bbox 234 2866 1034 2916; baseline -0.003 0"><span class='ocrx_word' id='word_1_204' title='bbox 234 2867 357 2916; x_wconf 87' lang='lat' dir='ltr'>Vide</span> <span class='ocrx_word' id='word_1_205' title='bbox 386 2866 801 2916; x_wconf 81' lang='lat' dir='ltr'>Commentarium</span> <span class='ocrx_word' id='word_1_206' title='bbox 829 2866 889 2914; x_wconf 84' lang='lat' dir='ltr'>ad</span> <span class='ocrx_word' id='word_1_207' title='bbox 918 2867 1034 2914; x_wconf 82' lang='lat'>267.</span> 
     </span>
    </p>

    <p class='ocr_par' dir='ltr' id='par_1_13' title="bbox 92 2948 1944 3177">
     <span class='ocr_line' id='line_1_30' title="bbox 236 2948 1923 3016; baseline -0.002 -16"><span class='ocrx_word' id='word_1_208' title='bbox 236 2951 276 3001; x_wconf 89' lang='lat' dir='ltr'><strong>A</strong></span> <span class='ocrx_word' id='word_1_209' title='bbox 304 2959 522 3016; x_wconf 87' lang='lat' dir='ltr'>tempore</span> <span class='ocrx_word' id='word_1_210' title='bbox 551 2950 791 2998; x_wconf 87' lang='lat' dir='ltr'>Hadriani</span> <span class='ocrx_word' id='word_1_211' title='bbox 833 2949 978 2997; x_wconf 87' lang='lat' dir='ltr'>etiam</span> <span class='ocrx_word' id='word_1_212' title='bbox 1008 2948 1329 2997; x_wconf 87' lang='lat' dir='ltr'>Panhellenia</span> <span class='ocrx_word' id='word_1_213' title='bbox 1368 2948 1746 2998; x_wconf 85' lang='lat' dir='ltr'>celebrabantur</span> <span class='ocrx_word' id='word_1_214' title='bbox 1775 2948 1923 2998; x_wconf 89' lang='lat' dir='ltr'>Athe-</span> 
     </span>
     <span class='ocr_line' id='line_1_31' title="bbox 92 3031 1929 3099; baseline -0.002 -16"><span class='ocrx_word' id='word_1_215' title='bbox 92 3036 194 3096; x_wconf 84' lang='lat' dir='ltr'>nis,</span> <span class='ocrx_word' id='word_1_216' title='bbox 235 3035 294 3083; x_wconf 85' lang='lat' dir='ltr'>ad</span> <span class='ocrx_word' id='word_1_217' title='bbox 322 3051 446 3099; x_wconf 91' lang='lat' dir='ltr'>quae</span> <span class='ocrx_word' id='word_1_218' title='bbox 476 3034 608 3081; x_wconf 85' lang='lat' dir='ltr'>missi</span> <span class='ocrx_word' id='word_1_219' title='bbox 636 3051 663 3080; x_wconf 90' lang='lat' dir='ltr'>a</span> <span class='ocrx_word' id='word_1_220' title='bbox 697 3032 977 3081; x_wconf 83' lang='lat' dir='ltr'>civitatibus</span> <span class='ocrx_word' id='word_1_221' title='bbox 1017 3033 1165 3095; x_wconf 79' lang='lat' dir='ltr'>legati</span> <span class='ocrx_word' id='word_1_222' title='bbox 1206 3038 1317 3078; x_wconf 89' lang='lat' dir='ltr'>sunt</span> <span class='ocrx_word' id='word_1_223' title='bbox 1344 3031 1668 3081; x_wconf 74' lang='lat' dir='ltr'>Panhellenes</span> <span class='ocrx_word' id='word_1_224' title='bbox 1697 3033 1839 3091; x_wconf 81' lang='lat' dir='ltr'>dicti,</span> <span class='ocrx_word' id='word_1_225' title='bbox 1882 3040 1929 3080; x_wconf 87' lang='lat' dir='ltr'>et</span> 
     </span>
     <span class='ocr_line' id='line_1_32' title="bbox 93 3114 1944 3177; baseline -0.003 -11"><span class='ocrx_word' id='word_1_226' title='bbox 93 3119 457 3167; x_wconf 80' lang='lat' dir='ltr'>constituebant</span> <span class='ocrx_word' id='word_1_227' title='bbox 485 3117 553 3165; x_wconf 88' lang='lat' dir='ltr'>illi</span> <span class='ocrx_word' id='word_1_228' title='bbox 579 3115 707 3164; x_wconf 89' lang='lat' dir='ltr'>haud</span> <span class='ocrx_word' id='word_1_229' title='bbox 735 3116 879 3164; x_wconf 88' lang='lat' dir='ltr'>dubie</span> <span class='ocrx_word' id='word_1_230' title='bbox 907 3114 1166 3163; x_wconf 87' lang='lat' dir='ltr'>concilium</span> <span class='ocrx_word' id='word_1_231' title='bbox 1194 3114 1390 3177; x_wconf 90' lang='lat' dir='ltr'>aliquod</span> <span class='ocrx_word' id='word_1_232' title='bbox 1420 3114 1815 3175; x_wconf 86' lang='lat' dir='ltr'>Panhellenium,</span> <span class='ocrx_word' id='word_1_233' title='bbox 1845 3132 1944 3162; x_wconf 70' lang='lat' dir='ltr'>cu·—</span> 
     </span>
    </p>
   </div>
   <div class='ocr_carea' id='block_1_8' title="bbox 83 3199 1925 3347">
    <p class='ocr_par' dir='ltr' id='par_1_14' title="bbox 83 3199 1908 3347">
     <span class='ocr_line' id='line_1_33' title="bbox 83 3199 1170 3267; baseline -0.005 -17"><span class='ocrx_word' id='word_1_234' title='bbox 83 3203 164 3266; x_wconf 88' lang='lat' dir='ltr'>jus</span> <span class='ocrx_word' id='word_1_235' title='bbox 193 3202 372 3267; x_wconf 82' lang='lat' dir='ltr'>singuli</span> <span class='ocrx_word' id='word_1_236' title='bbox 402 3199 664 3250; x_wconf 82' lang='lat' dir='ltr'>consiliaiii</span> <span class='ocrx_word' id='word_1_237' title='bbox 693 3199 1018 3247; x_wconf 84' lang='lat' dir='ltr'>Panhellenes</span> <span class='ocrx_word' id='word_1_238' title='bbox 1045 3207 1170 3246; x_wconf 84' lang='lat' dir='ltr'>sunt.</span> 
     </span>
     <span class='ocr_line' id='line_1_34' title="bbox 236 3280 1925 3347; baseline -0.004 -14"><span class='ocrx_word' id='word_1_239' title='bbox 236 3282 799 3347; x_wconf 83' lang='lat' dir='ltr'>(BoeckhiiCorp.</span> <span class='ocrx_word' id='word_1_240' title='bbox 853 3283 1152 3346; x_wconf 81' lang='lat' dir='ltr'>inscript.</span> <span class='ocrx_word' id='word_1_241' title='bbox 1202 3282 1569 3344; x_wconf 80' lang='lat' dir='ltr'>g1.N1.2-17.</span> <span class='ocrx_word' id='word_1_242' title='bbox 1614 3283 1728 3330; x_wconf 84' lang='lat'>354.</span> <span class='ocrx_word' id='word_1_243' title='bbox 1778 3280 1925 3328; x_wconf 77' lang='lat'>1058.</span> 
     </span>
    </p>
   </div>
   <div class='ocr_carea' id='block_1_9' title="bbox 97 3367 389 3426">
    <p class='ocr_par' dir='ltr' id='par_1_15' title="bbox 97 3367 389 3426">
     <span class='ocr_line' id='line_1_35' title="bbox 97 3367 389 3426; baseline 0.007 -12"><span class='ocrx_word' id='word_1_244' title='bbox 97 3367 245 3415; x_wconf 81' lang='lat'>1068.</span> <span class='ocrx_word' id='word_1_245' title='bbox 274 3369 389 3426; x_wconf 80' lang='lat' dir='ltr'>etc.)</span> 
     </span>
    </p>
   </div>
  </div>
 </body>
</html>
