2114 3642
203 247 303 295 496
653 258 1058 294 COMMENTARIUS
1086 258 1155 288 AD
1184 256 1268 292 627.
1297 257 1377 292 629.
1406 257 1488 292 630.
1517 258 1600 292 632.

980 381 1078 434 Ad
1107 382 1259 435 627.

343 497 517 546 Pollux
544 495 679 553 VIII,
713 493 836 540 126:
870 490 930 538 Οἱ
959 488 1266 540 ναυτοδίκαι
1294 485 1435 549 ἦσαν,
1466 493 1512 539 οἱ
1540 490 1627 548 τοὶς
1654 490 1737 551 τῆς
1765 495 1929 551 ξενίας
1958 492 2039 542 δι’-

201 598 295 634 κας
321 577 615 644 «εἰσάγοντες.
659 575 989 636 (Nautodicae
1016 575 1397 625 introducebant
1424 578 1792 643 peregrinitatis
1820 581 2037 637 causas.)

341 674 640 739 Hesychius:
684 667 1034 725 Ναυτοδίκαι,
1077 670 1123 716 οἱ
1151 673 1230 717 ἐπὶ
1259 669 1351 718 τοῦ
1381 673 1629 734 ἐμπορίου
1658 669 1922 729 δικασταί,
1958 676 2038 733 ἐφ’

199 749 270 805 ὧν
295 759 384 803 καί
412 756 461 802 αἱ
488 754 571 813 τῆς
611 756 777 812 ξενίας
817 756 1083 815 κρίνονται
1127 751 1281 801 δίκαι.
1330 757 1665 817 (Nautodicae
1704 765 1815 805 sunt
1846 757 2038 822 judices

197 848 520 899 mercaturae,
549 838 678 904 apud
707 856 828 903 quos
857 838 1003 886 etiam
1030 838 1395 902 peregrinitatis
1423 856 1598 888 causae
1618 839 1944 904 judicantur.)

338 934 536 983 Bekker
563 933 747 983 Anecd.
774 951 845 996 gr.
874 934 910 981 Ι.
948 951 994 998 p.
1022 932 1150 980 283:
1192 930 1512 979 Ναυτοδίκαι
1542 927 1785 994 ἄρχοντές
1813 934 1906 980 εἰσι
1933 938 2038 988 τοῖς

197 1013 501 1078 ναυκλήροις
541 1012 800 1074 δικάζοτες
837 1017 927 1061 καὶ
955 1020 1059 1070 τοῖς
1087 1018 1193 1077 περὶ
1221 1012 1278 1062 τὸ
1308 1013 1555 1078 ἐμπόριον
1581 1013 1825 1083 ἐργάταις.
1879 1018 2035 1078 (Nau-

194 1100 383 1150 todicae
424 1108 536 1149 sunt
568 1101 909 1165 magistratus,
952 1099 1033 1163 qui
1072 1099 1122 1146 in
1164 1099 1309 1147 rebus
1349 1101 1763 1149 naviculariorum
1790 1109 1838 1148 et
1865 1119 2036 1167 opera-

195 1184 377 1232 riorum
403 1183 807 1232 mercatoriorum
829 1182 1100 1248 judicant.)

338 1267 512 1318 Aetate
551 1266 899 1315 Demosthenis
931 1265 1032 1329 jam
1071 1266 1268 1329 aboliti;
1310 1284 1476 1315 eorum
1516 1284 1631 1315 vero
1661 1268 1854 1330 agenda
1881 1267 2034 1316 Thes-

194 1351 422 1399 mothetis
449 1349 629 1398 tradita
655 1349 863 1397 fuerant.

975 1452 1074 1505 Ad
1103 1455 1256 1506 629.

334 1564 454 1612 Illae
479 1571 643 1613 tamen
669 1573 993 1613 mercatorum
1020 1567 1143 1627 lites,
1174 1582 1297 1629 quae
1324 1566 1483 1630 ipsum
1502 1565 1584 1629 jus
1611 1564 1905 1627 litigantium
1933 1581 2031 1612 non

193 1655 354 1695 autem
381 1647 628 1711 publicam
656 1647 931 1696 attinebant
958 1649 1318 1704 oeconomiam,
1348 1649 1481 1714 prius
1509 1647 1906 1706 Nautodicarum‚
1937 1655 2031 1695 tar-

193 1730 299 1779 dius
326 1729 790 1779 Thesmothetarum
816 1732 1012 1781 fuerant
1033 1732 1361 1797 jurisdictioni
1389 1732 1653 1795 subjectae.

336 1811 410 1861 Cf.
436 1814 834 1878 Disputationem
869 1815 908 1862 B
926 1832 954 1862 a
969 1832 999 1862 u
1015 1833 1064 1863 m
1078 1834 1099 1863 s
1115 1824 1134 1863 t
1148 1833 1176 1864 a
1193 1833 1214 1863 r
1229 1815 1263 1863 k
1278 1815 1319 1862 ii
1340 1853 1349 1874 ,
1392 1814 1463 1861 De
1493 1813 1799 1862 curatoribus
1829 1813 2031 1878 emporii

193 1903 240 1944 et
267 1895 537 1945 nautodicis
565 1895 696 1962 apud
724 1895 1064 1948 Athenienses.
1104 1897 1363 1961 (Friburgi
1395 1896 1572 1956 1828.)

971 2037 1070 2091 Ad
1100 2039 1252 2091 630.

334 2146 496 2196 Photii
535 2147 628 2197 lex.
668 2148 818 2198 rhet:
877 2148 937 2196 Oi,
976 2145 1062 2203 τὰς
1099 2144 1330 2202 εὐθύνας
1371 2145 1595 2202 διδόντες
1647 2143 1778 2208 παρὰ
1831 2141 2031 2199 τούτοις

192 2226 562 2292 ἇνακρίνονται
592 2229 820 2293 πρῶτον,
862 2228 967 2278 εἶτα
1007 2233 1234 2291 ἐφίενται
1264 2232 1334 2286 εἰς
1360 2228 1417 2277 τὸ
1447 2230 1804 2292 δικαστήριον,
1845 2230 1914 2283 εἰς
1942 2231 2028 2275 ἕνα

191 2316 281 2360 καὶ
309 2315 672 2363 πεντακοσίων.
712 2315 834 2375 (Qui
862 2316 1074 2364 rationes
1103 2316 1331 2375 reddunt,
1360 2316 1571 2380 primum
1599 2315 1730 2379 apud
1759 2315 1867 2372 hosi,
1896 2331 2028 2361 nem-

193 2415 253 2463 pe
281 2398 511 2462 logistas,
551 2398 907 2463 dijudicantur,
949 2398 1125 2448 deinde
1169 2400 1424 2447 mittuntur
1459 2398 1520 2446 ad
1539 2398 1778 2463 judicium
1810 2397 1952 2445 unius
1984 2405 2031 2444 et

192 2482 614 2546 quingentorum.)

332 2564 531 2613 Bekker
556 2565 742 2615 Anecd.
770 2583 841 2629 gr.
869 2567 906 2615 I.
935 2585 980 2632 p.
1010 2567 1137 2613 245:
1180 2559 1263 2612 Εὐ
1286 2567 1319 2610 θ
1338 2562 1367 2611 ι’)
1389 2583 1460 2612 να
1479 2584 1530 2619 g:
1569 2565 1755 2627 κυρίως
1795 2556 1852 2618 ἃς
1889 2560 2029 2610 ea’o-ok-

192 2662 371 2711 γουσιν
409 2648 455 2693 οἱ
495 2650 726 2715 λογισταί
767 2645 886 2711 πρὸς
923 2646 1043 2703 τούς
1085 2646 1328 2707 δόξαντας
1348 2645 1419 2712 μὴ
1451 2645 1617 2711 ὀρθῶς
1646 2643 1792 2710 ἄρξαι
1822 2646 1905 2705 τῆς
1933 2644 2026 2693 πό-

194 2732 312 2784 λεως
353 2725 382 2787 ἢ
421 2730 720 2794 πρεσβεῦσαι
759 2729 962 2788 κακῶς,
1011 2735 1101 2778 καὶ
1140 2729 1200 2778 τά
1244 2729 1539 2794 δικαστήρια
1573 2733 1670 2793 μὲν
1712 2732 1758 2777 οἱ
1800 2732 2027 2796 λογισταί

195 2811 465 2875 κληροῦσι,
505 2821 777 2881 κατηγορεῖ
815 2814 863 2863 δὲ
905 2809 932 2862 ὁ
966 2813 1294 2878 βουλόμενος.
1343 2817 1627 2881 (Euthynas
1655 2816 1854 2881 proprie
1882 2816 2028 2862 intro-

195 2896 376 2944 ducunt
404 2899 609 2962 logistae
637 2907 808 2948 contra
833 2899 967 2960 illos,
1010 2900 1089 2963 qui
1130 2900 1486 2964 rempublicam
1525 2917 1625 2947 non
1666 2906 1796 2947 recte
1824 2897 2027 2944 admini-

195 2986 372 3028 strasse
401 2982 478 3029 vel
505 2982 806 3046 legationem
834 2983 960 3030 male
987 2983 1204 3045 gessisse
1246 2982 1335 3029 visi
1375 2982 1583 3036 fuerint3
1624 2989 1670 3029 et
1690 2980 1873 3045 judicia
1900 2988 2028 3028 sorte

194 3061 496 3110 constituunt
522 3064 730 3128 logistae
748 3102 761 3122 ,
789 3075 985 3114 accusat
1013 3082 1153 3124 ver0,
1185 3065 1265 3127 qui
1296 3064 1543 3122 voluerit.)

971 3204 1069 3256 Ad
1098 3204 1249 3255 632.

336 3310 594 3374 Inscriptio
634 3313 763 3377 apud
804 3314 1076 3364 Bockhium
1129 3313 1276 3373 (Sta
1292 3332 1320 3361 a
1334 3322 1351 3361 t
1367 3332 1388 3361 s
1403 3314 1447 3362 h.
1489 3313 1532 3361 d.
1575 3313 1614 3363 A
1631 3322 1648 3359 t
1666 3313 1695 3360 h
1712 3330 1735 3361 e
1753 3331 1797 3361 n.
1839 3312 1896 3361 T.
1935 3311 2023 3361 ΙΙΙ.

194 3411 239 3460 ρ.
281 3393 380 3440 534
422 3410 480 3441 ex
520 3393 918 3459 Olymp.114):
969 3394 1295 3451 Σωπόλιδος,
1351 3393 1767 3461 εἰσαγόντων
1816 3413 1845 3440 α
1865 3391 2024 3442 ὐτόν
