2114 3642
182 200 283 246 458
628 215 1031 248 (OMMENTAnn‘s
1059 212 1126 243 As)
1155 212 1235 244 267.
1267 213 1348 248 266.
1378 215 1459 248 269.
1488 215 1570 248 270.

959 336 1057 389 Ad
1087 339 1238 392 267.

324 455 381 503 In
422 453 562 501 tertio
601 449 792 498 decreto
831 454 944 512 post
981 447 1041 496 X.
1071 455 1318 498 oratorum
1357 451 1481 499 vitas
1519 450 1652 517 apud
1691 449 2017 499 Plutarchum

183 537 383 597 (licitur,
429 533 555 600 quod
584 533 842 599 Lycurgus
876 532 954 579 ἐπὶ
988 537 1115 593 τρεῖς
1143 531 1526 595 πενταετηρίδας
1553 536 1669 599 (per
1694 541 1792 582 tres
1819 539 2016 598 pentae-

179 620 387 678 terides)
427 617 570 666 fuerit
606 615 914 680 publicorum
954 614 1200 664 redituum
1241 624 1484 682 quaestor.
1538 616 1639 666 Sub
1680 615 2017 682 pentaeteride

180 702 257 751 alii
297 701 507 766 spatium
549 699 763 764 quinque
797 699 877 747 alii
905 707 1114 765 quatuor
1141 717 1382 750 annorum
1409 700 1705 764 intelligunt.
1759 699 2019 759 Quaeritur

179 786 321 847 igitur
348 789 509 831 utrum
536 783 794 847 Lycurgus
823 782 1103 846 quindecim
1131 801 1193 832 an
1221 783 1477 834 duodecim
1517 782 1657 832 annis
1692 782 1838 831 fuerit
1865 799 2014 846 quae-

178 867 315 916 stor?
354 866 516 926 Quum
557 873 721 914 tamen
759 865 1006 915 Diodorus
1046 865 1236 915 Siculus
1279 866 1445 927 (XVI,
1473 867 1570 927 88)
1599 866 1658 915 de
1686 866 1917 931 Lycurgo
1947 865 2016 915 di-

178 955 277 1009 cat,
306 949 436 1014 quod
465 948 722 998 duodecim
749 949 889 997 annis
918 948 1128 998 redditus
1157 950 1366 998 civitatis
1395 966 1506 998 cum
1532 949 1675 999 laude
1704 949 2016 998 administra-

179 1033 304 1081 verit
342 1029 570 1094 (δώδεκα
611 1033 691 1091 ἔτη
730 1030 818 1089 τάς
858 1031 1138 1096 προσόδους
1164 1033 1246 1092 τῆς
1275 1031 1461 1089 πόλεως
1490 1031 1749 1091 διοικήσας
1777 1038 2018 1082 ἐπαινου-

171 1117 373 1177 μένως),
415 1124 463 1165 et
493 1135 641 1182 quum
670 1118 929 1167 duodecim
968 1120 1081 1166 anni
1122 1137 1221 1167 non
1260 1120 1453 1185 possint
1479 1136 1568 1185 per
1596 1120 1816 1184 quinque
1843 1119 1893 1168 in
1920 1125 2018 1167 tres

178 1201 409 1265 aequales
437 1209 605 1267 partes
634 1203 811 1264 dividi,
851 1204 980 1268 quod
1020 1221 1108 1269 per
1148 1211 1359 1269 quatuor
1400 1203 1656 1253 commode
1700 1203 1804 1253 fieri
1841 1210 2018 1268 potest,

179 1284 321 1335 facile
348 1292 485 1355 patet
510 1287 600 1335 sub
628 1287 967 1352 pentaeteride
1008 1287 1139 1353 apud
1179 1287 1498 1337 Plutarchum
1537 1295 1746 1353 quatuor
1778 1303 2019 1335 annorum

177 1370 389 1435 spatium
417 1387 522 1420 esse
552 1371 940 1434 intelligendum.

317 1465 455 1526 Quae
481 1484 629 1531 quum
654 1467 721 1515 ita
748 1484 798 1515 se
826 1467 1066 1527 habeant,
1107 1467 1158 1515 in
1184 1468 1293 1532 lege
1323 1467 1477 1516 267-a
1503 1467 1552 1515 in
1581 1461 1835 1527 10611111μή
1864 1466 2017 1512 πλείω

178 1550 318 1598 πέντε
345 1546 471 1595 ἑτῶν
498 1550 813 1609 scribendum
853 1567 956 1599 esse
997 1551 1231 1615 conjicio:
1265 1546 1337 1611 μή
1368 1551 1518 1597 πλείω
1546 1546 1893 1612 πεντετηρίδος
1915 1586 1926 1605 ,
1968 1548 2017 1597 id

177 1638 275 1679 est:
315 1650 414 1680 non
441 1633 653 1698 amplius
681 1634 1016 1698 quadriennio.
1071 1635 1306 1694 Quamvis
1346 1635 1494 1698 igitur
1520 1635 1570 1682 in
1597 1651 1704 1684 mea
1730 1634 1882 1683 latina
1909 1651 2016 1682 ver·

177 1716 313 1764 sione
349 1715 469 1765 haec
509 1718 662 1766 verba
700 1735 773 1767 ne
813 1725 1093 1782 quatuor
1131 1720 1320 1767 annis
1361 1718 1644 1784 amplius
1684 1736 1783 1766 non
1812 1734 2016 1767 consen-

176 1799 300 1848 tiant
329 1816 436 1847 cum
463 1800 624 1849 verbis
646 1797 715 1862 lur}
747 1803 898 1848 πλείω
927 1803 1069 1848 πέντε
1097 1800 1249 1857 ἑτῶν,
1295 1801 1415 1850 nihil
1456 1810 1621 1850 tamen
1647 1802 1696 1849 in
1724 1800 1888 1850 latinis
1916 1817 2018 1849 ver-

177 1881 251 1930 bis
278 1883 564 1932 mutandum
592 1892 687 1945 est,
736 1886 847 1950 quia
876 1903 978 1934 rem
1005 1887 1200 1934 veritati
1228 1894 1611 1935 consentaneam
1640 1885 1932 1950 exprimunt.

958 2027 1057 2080 Ad
1086 2027 1235 2079 268.

319 2135 561 2195 Quaestor
588 2136 664 2185 hic
693 2138 904 2186 occurrit
931 2138 1145 2203 primum
1173 2144 1331 2187 aet-ate
1375 2135 1630 2186 duodecim
1657 2137 1901 2194 tribuum,
1943 2152 2016 2183 ar-

178 2218 355 2267 chonte
384 2219 605 2281 Eubulo7
647 2229 758 2286 post
786 2220 983 2287 Olymp.
1018 2222 1130 2281 123,
1160 2223 1204 2269 2.

957 2362 1055 2415 Ad
1085 2363 1236 2414 269.

320 2473 467 2538 Corp.
503 2474 722 2539 inscript.
763 2492 835 2537 gr.
875 2475 958 2522 Nr.
1001 2473 1093 2520 92:
1133 2472 1202 2525 εἰς
1242 2465 1335 2526 τὴν
1375 2465 1682 2535 ἀναγραφὴν
1725 2464 1805 2524 τῆς
1847 2464 2018 2525 στήλης

180 2553 359 2602 δοῦναι
401 2552 493 2603 τὸν
531 2558 723 2619 ταμίαν
760 2554 852 2603 τοῦ
897 2552 1056 2618 δήμου
1097 2556 1227 2602 ΛΔΛ
1266 2550 1492 2616 δραχμάς
1533 2556 1592 2600 ἐκ
1625 2549 1727 2598 τῶν
1753 2548 1887 2598 κατα
1918 2566 2018 2616 ψη-

181 2639 407 2701 φίσματα
438 2636 856 2704 ἀναλισκομένων
886 2639 954 2703 τῷ
986 2636 1139 2702 δήμῳ.

323 2736 576 2802 „Utraquc
605 2737 749 2786 dict-io
778 2738 846 2790 εἰς
873 2732 933 2782 τά
963 2732 1099 2781 κατὰ
1144 2735 1440 2797 ψη([ί(ῑματα
1481 2741 1528 2782 ct
1554 2727 1688 2778 κατὰ
1720 2732 2018 2795 ψηφίσματα

182 2834 332 2881 aeque
374 2821 630 2870 commoda
670 2832 741 2870 est
781 2828 828 2869 et
866 2821 1161 2869 sententiam
1202 2818 1404 2867 eandem
1445 2817 1674 2883 praebet:
1716 2816 2020 2879 significatur

184 2900 310 2948 enim
338 2919 404 2951 ea
443 2904 749 2968 publicae
787 2904 1109 2969 pecuniae
1149 2920 1324 2968 pars,
1367 2918 1531 2966 quae
1570 2899 1884 2965 impensis
1924 2899 2018 2947 de-

185 2983 430 3033 stinata
468 2995 609 3036 erat
647 3005 769 3036 non
806 2987 951 3050 lege
993 2985 1456 3052 praescriptis,
1507 2983 1615 3031 sed
1655 2982 2013 3048 populisci-

185 3076 245 3116 to
266 3068 441 3132 jussis,
483 3088 627 3134 quam
657 3089 746 3119 nos
775 3069 1383 3119 extraordinariam
1413 3065 1694 3115 vocamus.“
1737 3065 2016 3114 Boeckhius

186 3150 330 3215 Corp.
360 3151 572 3217 inscript.
602 3156 623 3203 I
667 3173 711 3219 p.
746 3153 858 3202 151.

962 3257 1059 3308 Ad
1089 3257 1238 3308 270.

329 3365 502 3414 Suidas
534 3384 568 3413 s.
597 3384 640 3413 v.
670 3361 1084 3429 Ἔλλενοταμίαι;
1126 3365 1206 3415 Sic
1235 3367 1564 3425 vocabantur,
1592 3365 1674 3428 qui
1701 3364 1963 3429 pecuniam
1990 3379 2014 3410 e
