2114 3642
561 208 971 240 COMMENTARIUS
997 209 1065 239 AD
1092 207 1173 239 892.
1202 203 1282 239 893.
1313 204 1394 238 894.
1423 206 1504 238 899.
1848 193 1947 240 529

110 334 278 383 monio
307 333 486 382 Suidae
515 341 563 380 et
597 332 785 392 Photii,
827 333 866 380 si
906 333 1175 397 cogitemus
1216 327 1615 395 προκαταβολὴν
1648 332 1948 395 significasse

110 417 257 466 totius
292 417 605 481 vectigalium
632 415 986 480 redemptionis
1026 418 1263 481 pecuniae
1304 417 1626 475 solutionem,
1661 413 1948 476 προςκατά-

108 499 274 562 βλημα
302 518 419 550 vero
447 500 596 549 fuisse
631 499 920 564 pensionem
959 508 1132 564 postea
1170 501 1345 549 factam
1385 518 1536 565 supra
1571 506 1949 549 memoratarum

113 584 502 632 centesimarum.

252 676 547 743 Hujusmodi
575 676 869 724 centesimas
897 694 1069 725 revera
1109 677 1353 737 extitisse,
1396 677 1607 743 probant
1634 694 1693 726 ea
1719 693 1842 742 quae
1870 694 1947 725 su-

110 761 274 825 perius
301 758 344 824 ξ.
372 759 474 807 879
504 759 564 807 ad
592 756 782 805 ἑπώνια
810 759 1167 808 adnotavimus.

250 853 525 903 Scholiasta
552 854 612 903 ad
639 855 990 903 Demosthenis
1017 855 1380 904 Timocrateam
1409 856 1554 915 (731,
1583 855 1766 915 4—5.)
1794 854 1948 903 verbo

108 933 535 999 προςκατάβλημα
564 937 711 985 aliam
737 937 935 1002 subjicit
960 938 1239 1000 notione1n3
1279 938 1395 986 dicit
1434 939 1565 986 enim
1591 938 1713 998 illis,
1755 938 1837 1001 qui
1864 953 1944 984 ae-

108 1020 237 1068 rario
265 1037 419 1084 usque
454 1021 516 1069 ad
544 1038 727 1068 nonam
768 1020 1045 1085 prytaniam
1084 1038 1184 1068 non
1224 1020 1498 1078 solvissent,
1537 1021 1772 1068 mulctam
1811 1019 1949 1084 dupli

108 1104 256 1152 fuisse
284 1104 547 1163 inflictam,
587 1119 712 1168 quae
752 1099 1181 1164 προςκατάβλημα
1219 1104 1505 1152 vocabatur.
1558 1105 1655 1163 Πρ
1673 1121 1698 1148 o
1716 1121 1785 1156 ςκ
1802 1120 1872 1148 ατ
1889 1118 1949 1147 α-

106 1183 405 1247 βλήματα
423 1221 435 1240 ,
470 1182 610 1231 τοῦτ’
641 1185 742 1231 ἔστι
769 1181 829 1230 τά
861 1181 1139 1244 ὀφείλοντα
1168 1183 1695 1246 προσκαταβληθῆναι
1723 1186 1792 1240 εἰς
1819 1181 1949 1231 ἀνα-

108 1265 360 1330 πλήρωσιν
396 1265 498 1314 τῶν
540 1263 915 1330 ἀναλωμάτων·
957 1263 1058 1313 ἀπὸ
1094 1268 1191 1329 μὲν
1229 1263 1327 1333 γάρ
1366 1267 1471 1314 τῶν
1508 1265 1667 1314 τελῶν
1706 1264 1809 1314 τῶν
1848 1262 1949 1313 ἀπὸ

106 1350 210 1399 τῶν
249 1353 465 1414 λιμένων
503 1353 593 1397 καὶ
633 1348 717 1410 τῆς
758 1346 948 1416 ἀγορᾶς
988 1347 1289 1408 ἀνηλίσκετο
1330 1351 1400 1404 εἰς
1438 1347 1500 1396 τά
1542 1348 1646 1413 ἱερά
1676 1352 1767 1397 καὶ
1796 1351 1866 1404 εἰς
1891 1347 1948 1396 τὸ

109 1432 414 1482 δικαστικὸν
440 1437 529 1481 καὶ
557 1436 625 1489 εἰς
652 1431 709 1481 τὸ
737 1430 1084 1498 βουλευτικὸν
1122 1437 1212 1481 καὶ
1250 1431 1371 1488 τούς
1411 1435 1584 1490 ἱππέας
1622 1438 1711 1481 καὶ
1749 1431 1812 1481 τά
1840 1453 1951 1481 τοι-

108 1517 253 1565 αῦτα.
299 1514 443 1564 Ἐπεὶ
472 1518 520 1564 δὲ
552 1513 656 1564 οὐκ
683 1515 885 1579 ἐπήρκει
912 1514 1075 1563 ταῦτα
1102 1514 1161 1563 τά
1197 1515 1463 1580 χρήματα,
1505 1515 1750 1572 πολλάκις
1777 1535 1952 1580 προςε-

107 1603 283 1648 τίθετο
310 1604 401 1648 καὶ
430 1601 623 1658 ἔξωθεν
649 1603 788 1662 ἕτερα
826 1619 859 1646 π
876 1618 906 1645 α
923 1619 947 1662 ρ
965 1597 995 1645 ά
1033 1620 1059 1646 τ
1076 1618 1090 1645 ι
1108 1617 1138 1646 ν
1154 1619 1190 1645 ω
1208 1619 1235 1647 ν
1275 1597 1302 1647 ὀ
1320 1619 1358 1659 φ
1375 1620 1395 1646 ε
1412 1619 1425 1646 ι
1443 1603 1468 1646 λ
1485 1597 1512 1646 ὁ
1530 1618 1558 1647 ν
1572 1620 1600 1647 τ
1616 1620 1652 1646 ω
1669 1619 1699 1647 ν
1715 1638 1726 1656 ,
1768 1594 1801 1645 ἂ
1826 1597 1952 1647 ἐκά-

107 1688 235 1733 λουν
274 1681 798 1748 προςκαταβλήματα,
853 1679 969 1730 οἶον
1007 1680 1138 1729 αὐτοὶ
1178 1680 1240 1729 τά
1294 1680 1797 1747 προςτιμήματα
1847 1689 1950 1737 τοῖς

101 1766 414 1831 χρεωστοῦσι
444 1770 533 1813 καὶ
557 1763 628 1829 μή
657 1767 991 1828 βουλομένοις
1029 1765 1376 1829 καταβάλλειν
1403 1770 1488 1822 ἕως
1516 1766 1600 1825 τῆς
1626 1764 1799 1825 ἐνάτης
1825 1785 1951 1829 πρυ-

108 1854 336 1909 τανείας,
394 1853 450 1899 οἳ
483 1852 805 1914 κατέβαλλον
843 1848 903 1897 τά
949 1848 1126 1896 διπλᾶ·
1188 1848 1266 1897 διὸ
1310 1854 1399 1897 καὶ
1441 1848 1951 1914 προςκαταβλή-

103 1956 140 1997 μ
159 1954 274 1982 ατα
314 1938 533 2001 λέγεται,
576 1931 657 1980 διά
687 1931 744 1980 τὸ
772 1930 1133 1997 καταβάλλειν.

250 2031 376 2080 Vide
429 2048 588 2079 meam
642 2031 1037 2085 dissertationem
1088 2030 1138 2077 in
1197 2029 1279 2077 Ph
1296 2030 1309 2077 i
1327 2030 1342 2077 l
1359 2047 1386 2077 o
1403 2030 1417 2078 l
1435 2047 1554 2092 ogo
1615 2031 1946 2095 Gottingensi.

108 2115 248 2163 Tom.
278 2114 414 2163 XVI.
454 2132 500 2179 p.
531 2114 646 2161 365.

249 2305 600 2368 Intelliguntur
639 2305 793 2370 pelles
834 2305 1136 2353 victimarum
1171 2305 1219 2352 in
1248 2302 1538 2367 quibusdam
1568 2303 1774 2369 publicis
1802 2304 1946 2352 sacri-

111 2389 233 2437 ficiis
266 2389 641 2437 immolatarum.
684 2388 822 2447 Quae
862 2388 1042 2436 fuerint
1082 2388 1201 2435 'naec
1240 2387 1502 2445 sacrificia,
1545 2386 1768 2435 videmus
1795 2387 1846 2434 in
1873 2403 1948 2434 se-

110 2479 289 2535 quente
317 2473 442 2535 lege.

889 2549 989 2603 Ad
1016 2552 1169 2603 894.

251 2659 448 2724 Olymp.
480 2659 595 2718 111,
625 2660 654 2706 3
683 2677 707 2708 e
735 2660 999 2709 divenditis
1043 2661 1378 2720 victimarum,
1424 2676 1512 2725 per
1539 2666 1728 2724 septem
1753 2676 1948 2708 menses

108 2742 304 2807 publice
330 2750 667 2801 mactatarum,
696 2744 907 2808 pellibus
938 2745 1073 2792 5148
1089 2744 1351 2792 drachmae
1381 2743 1634 2790 confectae
1663 2750 1790 2792 sunt.
1819 2742 1948 2792 Vide

110 2827 148 2874 B
166 2845 194 2875 o
212 2826 433 2876 eckhii
462 2826 608 2890 Corp.
636 2827 853 2892 inscript¹
883 2846 954 2891 gr.
984 2829 1068 2877 Nr.
1101 2827 1214 2875 157.

887 2966 986 3019 Ad
1014 2968 1166 3019 899.

253 3075 454 3124 Suidas:
500 3070 1028 3137 Ἐνεπίσκημμα·
1081 3068 1232 3120 ὁπότε
1274 3070 1546 3133 δημευθείη
1583 3070 1721 3127 τινὸς
1761 3069 1944 3126 οὐσία,

111 3156 228 3213 ἐξῆν
262 3160 531 3219 προελθεῖν
570 3156 639 3219 τῷ
680 3155 933 3216 φάσκοντι
976 3154 1283 3222 γεγενῆσθαι
1327 3154 1562 3216 δανειστῇ
1598 3155 1691 3203 τοῦ
1734 3151 1944 3216 ἀνδρὸς,

112 3242 200 3286 καὶ
230 3243 391 3306 λέγειν
417 3234 483 3294 οἷς
511 3237 767 3299 ὀφείλεται
808 3237 948 3302 αὐτῷ
976 3243 1031 3286 ἐν
1057 3238 1115 3300 τῇ
1152 3235 1304 3301 οὐσίᾳ
1338 3240 1499 3301 χρέος.
1559 3241 1657 3285 Καὶ
1685 3237 1838 3284 τοῦτο
1866 3238 1944 3282 λέ-

112 3341 246 3388 γεται
275 3324 564 3387 ε’·πίσκιμιμα
592 3326 682 3369 καὶ
709 3320 1167 3385 ἐνεπισκήψασθαι.
1221 3322 1372 3381 (Cum
1400 3324 1603 3388 alicujus
1630 3325 1763 3370 bona
1789 3320 1947 3385 publi-

1613 3405 1666 3444 34
