2114 3642
648 258 1053 292 coMMEN'rAnms
1084 257 1152 290 AD
1180 254 1286 290 1469.
1314 255 1418 290 1474.
1447 252 1551 288 1476.
1904 239 2007 288 625

312 384 670 434 Geleberrimus
698 385 935 434 Letron
953 402 1024 434 ne
1053 387 1374 450 (Fragments
1401 382 1578 433 inedits
1601 379 1862 432 d'anciens
1888 387 2007 450 poe-‘-

173 475 246 518 tes
272 485 442 532 gretes,
481 469 595 517 tires
625 468 666 517 d’
684 486 750 516 un
778 485 997 533 papyrus
1024 476 1353 534 appartenant
1379 485 1440 516 au
1467 466 1633 515 Musee
1659 466 1813 530 royal.
1855 467 2009 529 Paris,

171 552 349 614 Didot,
382 552 543 611 1838)
585 551 733 600 edidit
771 550 1050 617 hujusmodi
1090 552 1407 618 praeconium
1432 550 1482 598 in
1514 549 1738 615 Aegypto
1766 550 2010 600 usitatum.

939 691 1038 745 Ad
1067 693 1189 746 146
1197 693 1256 745 9.

315 801 678 868 Xenophon
705 801 933 852 Athen.
962 802 1216 869 respub.
1245 802 1282 864 Ι,
1314 800 1405 850 11;
1445 799 1545 851 Ubi
1572 801 1795 867 potentia
1821 798 2010 850 navalis

174 894 273 949 est,
313 894 520 953 propter
544 887 807 953 pecuniam
832 887 1091 953 mancipiis
1130 886 1315 936 servire
1355 892 1547 951 oportet
1586 880 1715 946 (ἀπὸ
1737 880 2015 948 χρημάτων

173 964 376 1036 ἀνάγκη
402 975 508 1025 τοῖς
535 966 875 1034 ἀνδραπόδοις
903 967 1222 1032 δουλεύειν),
1262 976 1315 1019 ut
1348 987 1438 1036 pro
1466 986 1616 1035 opera
1640 969 1748 1018 aliis
1775 969 2017 1019 collocata

173 1054 436 1119 pensiones
465 1049 782 1118 (ἀποφοράς)
810 1051 1094 1120 θΧίἓ-ειῐηιιεζ

317 1148 617 1200 Aeschin.
657 1167 696 1199 c.
736 1150 1053 1199 Timar-ch.
1096 1146 1140 1214 ξ.
1170 1150 1264 1197 97:
1304 1148 1452 1197 Pater
1489 1148 1582 1215 ipsi
1620 1148 1817 1214 reliquit
1847 1164 2017 1198 servos

175 1232 385 1282 sutoriae
412 1233 526 1282 artis
553 1233 740 1299 peritos
767 1251 945 1284 novem
972 1241 1055 1282 aut
1081 1233 1272 1295 decem,
1300 1250 1508 1299 quorum
1535 1233 1739 1297 quisque
1765 1232 1910 1281 binos
1936 1231 2017 1280 isti

177 1315 349 1365 obolos
375 1317 426 1365 in
461 1317 563 1366 dies
602 1316 823 1380 singulos
863 1316 1110 1383 pendebat
1151 1313 1255 1377 (δυ’
1296 1310 1517 1378 ὀβολούς
1555 1310 1834 1379 ἀποφοράν
1873 1313 2018 1378 ἔφερε

176 1397 260 1455 τῆς
286 1392 517 1463 ἡμέρας),
561 1400 745 1466 opificii
772 1417 887 1450 vero
914 1400 1147 1465 magister
1173 1408 1352 1450 ternos.

933 1539 1032 1593 Ad
1063 1541 1185 1593 14⁷
1189 1541 1252 1593 4.

320 1648 362 1699 A
376 1658 395 1698 t
408 1649 441 1698 h
456 1668 480 1699 e
496 1667 529 1699 n
544 1667 572 1699 a
587 1667 611 1700 e
628 1668 659 1699 u
673 1669 695 1699 s
721 1650 758 1711 I,
787 1651 816 1696 9
835 1669 843 1698 :
885 1649 1208 1700 Philochorus
1236 1650 1498 1700 memoriae
1526 1647 1764 1716 prodidit,
1794 1648 2014 1709 Athenis,

177 1750 287 1782 cum
315 1733 574 1783 defecisset
599 1733 861 1799 aliquando
887 1733 1134 1799 pecudum
1158 1750 1343 1799 genus,
1381 1735 1587 1783 vetitum
1615 1733 1790 1795 fuisse,
1819 1749 1882 1781 ne
1911 1732 2019 1796 quis

177 1818 376 1867 intonso
403 1833 533 1881 agno
563 1823 853 1886 vesceretur.

321 1912 631 1963 Clarissimus
658 1911 936 1961 Boeckhius
974 1912 1240 1962 arbitratur
1281 1911 1352 1972 (O
1368 1928 1393 1961 e
1407 1930 1433 1962 c
1449 1931 1478 1961 o
1494 1931 1539 1962 n.
1577 1931 1609 1980 p
1627 1931 1657 1962 u
1672 1912 1749 1962 bl.
1791 1911 1835 1962 A
1849 1920 1868 1962 t
1882 1912 1914 1961 h
1930 1929 1954 1961 e
1970 1929 2016 1961 n.

179 2014 225 2062 p.
255 1996 349 2057 63)
374 1997 510 2061 leges
536 1996 624 2046 has
652 2003 810 2047 aetate
839 1995 1032 2045 Solonis
1051 1996 1156 2060 jam
1184 1996 1428 2045 obsoletas
1456 1997 1621 2047 fuisse.

321 2092 455 2143 Inter
480 2092 758 2158 hujusmodi
784 2091 1031 2142 obsoletas
1069 2091 1206 2156 leges
1244 2092 1503 2142 referenda
1530 2100 1602 2142 est
1629 2093 1773 2142 etiam
1800 2092 1885 2142 illa
1909 2090 2018 2141 Tri-

179 2176 409 2242 ptolemi:
452 2173 553 2233 ζῶα
575 2171 646 2238 μὴ
676 2176 942 2231 σίνεσθαι,
980 2175 1028 2225 id
1055 2182 1154 2225 est:
1194 2176 1428 2226 animalia
1465 2195 1527 2226 ne
1565 2175 1734 2239 laede;
1773 2194 1920 2242 quam
1946 2184 2019 2225 ta-

179 2277 291 2310 men
319 2260 508 2310 Petitus
532 2261 604 2309 ita
628 2260 804 2310 vertit:
843 2259 1071 2309 carnibus
1099 2276 1160 2308 ne
1188 2261 1410 2310 vescitor.

322 2356 471 2420 Legis
512 2356 655 2422 hujus
693 2356 916 2406 meminit
943 2356 1249 2407 Xenocrates
1281 2357 1412 2424 apud
1440 2357 1771 2424 Porphyrium
1810 2356 1883 2407 de
1922 2358 2019 2407 ab·

181 2440 324 2488 stin.
351 2439 438 2501 IV,
467 2440 548 2489 22.
576 2459 622 2506 p.
651 2440 769 2491 378.
797 2441 854 2490 R.

941 2533 1040 2587 Ad
1063 2535 1253 2588 1476.

323 2642 516 2692 Plato
545 2642 732 2709 S-ymp
750 2661 776 2691 o
794 2661 829 2692 s,
863 2643 977 2706 196,
1005 2643 1066 2694 O:
1094 2644 1428 2709 Quaecunque
1454 2643 1625 2693 volens
1655 2643 1896 2711 quispiam
1911 2663 2021 2696 cum

182 2725 376 2775 volente
404 2726 675 2789 contrahit,
695 2728 832 2794 justa
858 2728 1131 2791 habentur,
1161 2737 1214 2778 ut
1241 2727 1449 2778 civitatis
1475 2727 1611 2793 leges
1637 2734 1872 2779 statuunt.

322 2808 668 2860 Aristotel.
707 2811 907 2862 Rhetor.
948 2813 986 2875 I,
1029 2813 1109 2875 15,
1153 2814 1208 2863 9:
1249 2813 1352 2864 Lex
1385 2811 1554 2880 jubet,
1598 2821 1745 2880 pacta
1777 2821 2024 2866 conventa

179 2900 285 2943 rata
312 2910 430 2944 esse.

321 2978 482 3039 Quum
522 2979 654 3044 apud
693 2979 942 3030 Romanos
982 2996 1007 3028 e
1047 2979 1159 3030 XII.
1190 2980 1371 3030 tabulis
1397 2981 1515 3031 satis
1542 2988 1698 3042 esset,
1738 2998 1809 3031 ea
1844 2998 2019 3049 prae-

180 3063 372 3124 stari,
421 3079 579 3127 quae
620 3072 840 3114 essent
889 3064 1120 3129 lingua
1163 3071 1567 3130 nuncupata,
1620 3081 1744 3131 quae
1783 3065 2021 3115 infitiatus

182 3152 324 3207 esset,
353 3144 487 3211 dupli
503 3161 715 3210 poenam
729 3146 940 3207 subiret3
968 3164 997 3194 a
1013 3145 1362 3212 jmeconsultis
1389 3146 1535 3197 etiam
1561 3149 1842 3198 reticentiae
1857 3165 2020 3215 poena

183 3235 257 3277 est
281 3229 563 3279 constituta.
604 3227 755 3290 (Cic.
784 3229 855 3279 de
882 3230 988 3279 off.
1017 3230 1105 3292 ΙΙΙ,
1139 3230 1216 3292 16,
1247 3230 1361 3291 65.)

325 3321 372 3373 Gr
385 3341 414 3373 a
420 3325 441 3390 j
458 3325 473 3373 i
512 3325 583 3375 In
597 3325 728 3373 stit.
768 3325 857 3387 III,
896 3325 1105 3377 92-93
1123 3345 1133 3374 :
1172 3325 1352 3376 Verbis
1379 3327 1617 3392 obligatio
1646 3329 1700 3377 fit
1726 3343 1786 3376 ex
1811 3327 2016 3377 interro-

184 3405 382 3470 gatione
410 3415 458 3457 et
483 3408 814 3474 responsione.
852 3407 1004 3459 Velut
1030 3408 1059 3460 d
1076 3427 1104 3459 a
1119 3409 1171 3458 ri
1197 3427 1220 3458 s
1235 3428 1267 3477 p
1285 3429 1312 3460 o
1328 3428 1362 3461 n
1377 3410 1407 3463 d
1423 3429 1449 3462 e
1464 3429 1487 3462 s
1502 3412 1526 3461 P
1563 3429 1585 3461 s
1601 3430 1633 3477 p
1650 3428 1678 3461 o
1694 3429 1728 3460 n
1742 3410 1773 3462 d
1790 3428 1814 3461 e
1830 3431 1874 3463 o.
1910 3413 1956 3461 D
1969 3429 2019 3463 a-

1680 3493 1740 3537 40
