2161 3673
297 233 362 284 68
1019 244 1103 275 ,ms
1124 241 1400 273 PUBmch.

1147 364 1262 415 261.

436 461 737 525 Receptores
763 453 1048 518 vectigalia,
1089 452 1273 500 tributa
1310 457 1358 499 et
1400 451 1584 500 telonia
1623 451 1889 516 recipiunt,
1931 457 1978 499 et
2003 466 2118 499 con-

293 544 583 603 troversias,
625 556 748 603 quae
788 538 917 585 circa
955 535 1074 583 haec
1107 541 1247 591 sunt,
1289 532 1584 598 dijudicant:
1623 534 1754 597 quod
1781 535 1820 582 si
1847 550 1943 599 qua
1968 534 2123 598 major

294 635 393 686 est,
435 626 495 674 ad
522 626 677 673 forum
705 621 1017 670 transferunt.

438 789 624 849 Ταμίαι
652 781 893 848 ἄρχοντές
919 786 1014 831 εἰσι
1041 781 1165 830 δέκα
1203 780 1304 831 ἀπὸ
1332 781 1902 846 πεντακοσιομεδίμνων
1927 786 2123 848 κληρω-

290 875 368 919 τοὶ
386 908 397 928 ,
428 871 482 917 οἳ
503 867 563 915 τά
591 872 646 915 ἐν
671 865 742 931 τῴ
770 865 887 930 ἱερῷ
912 865 996 925 τῆς
1018 863 1249 923 Ἀθηνᾶς
1282 869 1337 914 ἐν
1364 863 1637 929 ἀκροπόλει
1666 864 1900 929 χρήματα
1927 865 2034 931 ἱερά
2070 887 2122 914 τε

291 957 379 1000 καὶ
408 949 615 1013 δημόσια
632 988 643 1007 ,
683 953 775 997 καὶ
803 947 931 998 αὐτὸ
957 947 1015 998 τὸ
1044 944 1250 1016 ἄγαλμα
1274 948 1359 1007 τῆς
1402 948 1526 997 θεοῦ
1555 953 1645 997 καὶ
1671 947 1764 998 τὸν
1788 950 1991 1013 κόσμον
2017 970 2119 1011 φυ-

292 1034 571 1084 λάττουσιν.
1115 1033 1343 1094 (Bekker
1368 1033 1551 1084 Anecd.
1577 1052 1650 1099 gr,
1680 1036 1715 1084 Ι.
1744 1054 1790 1101 p.
1818 1035 1984 1096 306.).

1152 1144 1268 1192 262.

431 1228 731 1288 Quaestores
757 1234 872 1276 sunt
896 1226 1067 1276 decem
1092 1227 1410 1290 magistratus
1438 1235 1567 1276 sorte
1594 1228 1707 1276 lecti
1729 1245 1789 1277 ex
1815 1227 2123 1294 pentacosio-

291 1309 576 1371 medimnis,
617 1311 701 1375 qui
739 1311 790 1359 in
828 1310 1014 1376 templo
1042 1309 1295 1359 Minervae
1335 1310 1386 1357 in
1424 1327 1535 1358 arce
1573 1311 1837 1376 pecuniam
1863 1319 1911 1360 et
1937 1327 2126 1360 sacram

292 1404 339 1445 et
370 1394 651 1460 publicam,
690 1393 902 1458 itemque
942 1394 1093 1459 ipsius
1133 1393 1385 1442 Minervae
1437 1394 1751 1443 simulacrum
1801 1402 1850 1443 et
1900 1402 2128 1443 ornatum

293 1477 583 1527 custodiunt.

1151 1549 1266 1597 263.

437 1631 498 1678 Οἱ
524 1632 701 1693 ταμίαι
727 1628 812 1688 τῆς
840 1626 968 1677 θεοῦ
1000 1626 1063 1676 τά
1084 1627 1320 1693 χρήματα
1347 1628 1802 1694 παραλαμβάνουσι
1828 1628 1913 1689 τῆς
1938 1627 2127 1693 βουλῆς

293 1712 559 1777 παρούσης.
600 1708 822 1775 ’Ἔχουσι
863 1711 907 1760 δ’
945 1715 1184 1771 ἐξουσίαν
1221 1715 1310 1760 καὶ
1352 1715 1538 1775 ζημίαν
1576 1710 1811 1774 ἀφελεῖν,
1852 1715 1900 1761 εἰ
1936 1710 2127 1768 ἀδίκως

293 1791 395 1845 ὑπὸ
421 1795 524 1844 τῶν
550 1794 817 1859 ἀρχόντων
843 1798 1152 1859 ἐπιβληθείη.
1466 1798 1668 1859 (Pollux
1693 1797 1830 1858 VIII,
1860 1798 1984 1857 97.).

1157 1905 1273 1954 263.

435 1989 732 2050 Quaestores
757 1990 895 2039 Deae
932 1990 1170 2055 pecunias
1211 1996 1472 2055 praesente
1509 1996 1684 2038 senatu
1717 1988 1974 2055 recipiunt.
2027 1986 2126 2036 Ha-

294 2073 413 2121 bent
439 2089 630 2138 quoque
658 2079 953 2140 potestatem
980 2072 1260 2122 remittendi
1287 2072 1534 2133 mulctam,
1562 2072 1602 2121 si
1628 2073 1806 2137 injuste
1834 2070 1896 2121 ab
1924 2069 2125 2120 archon-

293 2155 424 2206 tibus
450 2156 673 2221 injuncta
700 2163 840 2205 esset.
1158 2227 1260 2275 264

440 2309 500 2356 Οἱ
526 2303 771 2372 ἄρχοντες
797 2305 1021 2367 ἐξιούσης
1055 2305 1139 2365 τὴς
1178 2305 1332 2370 ἀρχῆς
1369 2306 1652 2374 γράψαντες
1689 2305 1747 2355 τὸ
1786 2304 2058 2375 ἀργύριον,
2100 2300 2129 2353 ὃ

295 2389 617 2454 ἐπιβαλόντες
644 2390 933 2454 πράξασθαι
962 2388 1065 2439 οὐκ
1091 2393 1442 2453 ἐπεχείρησαν,
1484 2393 1553 2446 εἰς
1592 2389 1857 2454 λεύκωμα,
1899 2397 2004 2446 τοῖς
2035 2408 2126 2437 τα-

290 2477 431 2536 μίαις
459 2473 807 2539 παραδιδοῦσι.
1287 2476 1488 2540 (Lysias
1515 2493 1604 2541 pro
1630 2477 1796 2525 milite.
1824 2472 1866 2540 ξ.
1895 2476 1983 2534 6.).

1153 2569 1269 2618 264.

439 2655 714 2705 Archontes
754 2661 963 2703 exeunte
1004 2654 1320 2718 magistratu,
1370 2657 1408 2702 si
1448 2655 1716 2718 irrogatam
1753 2655 1986 2705 mulctam
2026 2673 2126 2705 non

301 2740 577 2803 exegerint,
618 2739 836 2788 debitum
863 2740 912 2787 in
940 2737 1173 2788 tabellam
1198 2738 1387 2787 illatum
1415 2738 1611 2787 tradunt
1635 2739 1988 2803 quaestoribus.

447 2925 546 2980 Τάς
571 2922 748 2990 ὑδρίας
774 2930 865 2975 καὶ
889 2925 1010 2983 τούς
1035 2924 1209 2989 κριτάς
1238 2925 1354 2982 τούς
1379 2920 1482 2975 ὑπὸ
1506 2926 1592 2986 τῆς
1616 2927 1802 2991 βουλῆς
1827 2929 2124 2992 εἰσβληθέν-

298 3027 414 3065 τας,
452 3006 538 3063 τὰς
564 3015 929 3074 σεσημασμένας
953 3006 1056 3060 ὑπὸ
1084 3009 1188 3058 τῶν
1226 3014 1540 3072 πρυτανέων,
1582 3009 1926 3071 φυλάττουσιν
1953 3012 1999 3058 οὶ
2033 3031 2123 3058 τα-

294 3094 409 3154 μίαι
437 3095 493 3138 ἐν
519 3088 804 3152 ἀκροπόλει.
1118 3096 1343 3157 (Isocrat.
1371 3095 1618 3160 Trapezit.
1647 3094 1689 3160 ξ.
1719 3096 1982 3155 33-34,).

1157 3202 1272 3250 265.

444 3281 606 3331 Urnas
635 3298 745 3331 cum
770 3285 961 3349 injectis
989 3302 1017 3334 a
1042 3293 1214 3334 senatu
1246 3283 1467 3350 judicum
1507 3285 1811 3345 nominibus,
1853 3304 1880 3335 a
1907 3289 2122 3353 prytani-

300 3365 393 3412 bus
422 3365 665 3427 signatas,
706 3375 986 3428 quaestores
1013 3369 1061 3415 in
1090 3385 1199 3417 arce
1227 3366 1517 3415 custodiunt.
