2161 3673
833 229 970 260 LEGis
999 229 1169 261 Lsx'rio.
1854 215 1918 261 39

77 355 337 403 chontibus
364 356 492 403 latae
521 363 658 415 sunt,
701 364 805 403 tum
832 355 890 403 de
916 355 1114 420 reliquis
1141 355 1523 419 magistratibus.
1576 356 1718 404 Prior
1744 357 1805 403 sit
1833 374 1915 404 au-

77 446 173 486 tem
201 437 509 505 dijudicatiO,
549 437 623 486 cui
665 437 782 486 satis
823 454 927 486 esse
967 437 1229 486 videantur
1253 438 1390 502 leges
1417 439 1716 497 senatoriae,
1759 446 1917 502 poste-

76 522 197 582 rior,
238 521 314 569 cui
353 538 453 569 non
492 521 778 581 videantur,
822 528 924 568 tum
965 539 1128 569 rerum
1168 520 1502 570 communium
1544 520 1718 569 eodem
1756 520 1915 569 modo.

75 604 173 654 Sed
199 604 364 668 legum
390 605 724 670 comprobatio
754 605 838 653 fiat
866 604 1134 652 secundum
1161 606 1294 669 leges
1310 612 1547 670 receptas.
1577 602 1664 651 Sin
1690 620 1812 667 quae
1843 621 1913 651 re-

76 694 329 753 ceptarum
354 688 521 752 legum
547 688 856 753 improbatae
896 688 1105 747 fuerint,
1147 696 1409 753 prytanes,
1450 688 1501 735 in
1528 703 1736 752 quorum
1764 686 1914 734 admi-

74 770 360 819 nistratione
387 771 576 835 rogatio
603 771 735 819 facta
761 771 929 831 fuerit,
972 770 1030 819 de
1071 771 1362 836 improbatis
1390 771 1586 834 legibus
1614 777 1916 835 postremam

72 853 218 901 trium
256 854 547 902 concionum
592 854 834 915 indicent,
894 855 1144 919 praesides
1185 872 1330 915 vero,
1373 856 1454 918 qui
1495 855 1546 902 in
1585 871 1643 902 ea
1680 852 1914 901 concione

72 936 423 1002 praesiderint,
464 938 743 987 necessario
778 946 933 1001 agant
958 938 1169 1002 primum
1198 946 1309 1002 post
1335 954 1473 985 sacra
1499 937 1558 985 de
1588 935 1912 995 nomothetis,

72 1019 249 1084 quibus
275 1019 639 1069 conditionibus
667 1021 840 1069 sedere
869 1020 1114 1080 debeant,
1157 1028 1205 1068 et
1231 1020 1291 1067 de
1319 1026 1554 1082 argento,
1584 1019 1712 1067 unde
1741 1035 1912 1067 nomo-

71 1101 217 1150 thetis
256 1103 318 1150 sit
355 1103 657 1152 solvendum.
721 1102 1046 1151 Nomothetae
1088 1110 1252 1150 autem
1292 1120 1351 1150 ex
1390 1102 1447 1149 iis
1487 1102 1789 1163 deligantur,
1832 1101 1914 1165 qui

72 1184 393 1233 Heliasticum
423 1185 772 1250 jusjurandum
824 1184 1076 1234 dederunt.
1142 1184 1228 1232 Sin
1277 1192 1513 1248 prytanes
1555 1201 1655 1232 non
1695 1184 1755 1232 ad
1795 1183 1914 1231 haec

72 1268 251 1332 scripta
275 1269 560 1316 concionem
587 1268 876 1327 habuerint,
923 1275 1007 1314 aut
1045 1266 1297 1331 praesides
1337 1284 1436 1314 non
1476 1267 1536 1313 ad
1578 1267 1698 1314 haec
1731 1265 1913 1330 scripta

72 1357 249 1413 agant3
288 1350 623 1399 mulctandum
658 1367 763 1398 esse
791 1357 1059 1414 prytanum
1087 1364 1486 1413 unumquemque
1512 1348 1642 1396 mille
1670 1347 1912 1396 drachmis

71 1433 320 1481 Minervae
347 1433 522 1493 sacris3
562 1433 648 1481 sed
686 1432 969 1496 praesidum
1008 1434 1342 1497 unusquisque
1384 1433 1553 1480 decem
1580 1432 1710 1480 inille
1740 1431 1909 1479 drach-

69 1533 172 1564 mas
200 1516 378 1565 debeat
403 1515 659 1565 Minervae
685 1533 863 1564 sacras.
918 1517 981 1564 Et
1006 1516 1151 1564 liceat
1190 1533 1273 1564 eos
1313 1515 1444 1580 apud
1473 1514 1827 1563 thesmothetas
1855 1532 1912 1562 ea

69 1600 260 1648 actione
287 1599 518 1660 indicari,
561 1617 657 1664 qua
683 1600 733 1647 in
762 1600 1008 1648 aerarium
1033 1600 1224 1662 agitur,
1266 1599 1348 1664 qui
1376 1600 1722 1663 magistratum
1746 1615 1910 1662 gesse-

69 1683 144 1732 rit.
195 1682 578 1731 Thesmothetae
618 1690 782 1731 autem
808 1684 1047 1732 indicatos
1074 1683 1393 1731 introducant
1419 1682 1469 1730 in
1488 1682 1731 1747 judicium
1758 1699 1816 1731 ex
1844 1682 1910 1730 le-

66 1784 154 1830 ge,
197 1773 281 1814 aut
319 1784 379 1815 ne
420 1766 692 1815 ascendant
729 1767 779 1814 in
808 1766 1154 1831 Areopagum,
1199 1774 1251 1814 ut
1293 1767 1375 1830 qui
1415 1767 1583 1829 legum
1610 1765 1909 1814 emendatio-

68 1868 181 1899 nem
208 1850 465 1914 abrogent.

209 1932 491 1999 Antequam
530 1953 647 1983 vero
687 1935 853 1982 concio
893 1934 955 1981 sit
988 1934 1183 1993 habita,
1225 1934 1502 1998 quicunque
1530 1932 1909 1981 Atheniensium

68 2019 230 2080 legem
255 2017 382 2065 ferre
411 2015 640 2077 voluerit,
669 2023 782 2065 ante
811 2023 996 2065 statuas
1024 2016 1227 2064 heroum
1254 2016 1462 2080 scriptas
1491 2033 1572 2064 eas
1598 2015 1763 2078 leges,
1791 2033 1909 2080 quas

68 2100 187 2160 fert,
232 2100 523 2165 proponito,
565 2106 617 2148 ut
656 2116 744 2164 pro
783 2098 1097 2148 multitudine
1137 2100 1503 2164 propositarum
1536 2099 1701 2161 legum
1727 2105 1910 2147 statuat

67 2183 279 2248 populus
306 2182 365 2230 de
393 2189 612 2247 tempore
641 2181 940 2231 nomothetis
968 2181 1293 2231 concedendo
1347 2184 1393 2231 Is
1433 2199 1576 2242 verO,
1618 2182 1699 2246 qui
1726 2197 1907 2229 novam

66 2266 227 2330 legem
253 2266 374 2323 fert,
416 2266 468 2314 in
495 2265 662 2315 album
688 2265 891 2314 relat-am
929 2273 1175 2330 proponat
1200 2273 1313 2314 ante
1342 2273 1530 2314 statuas
1558 2266 1762 2313 heroum
1789 2280 1904 2329 quo-

63 2348 206 2409 tidie,
234 2348 389 2397 donec
412 2349 579 2397 concio
605 2348 826 2397 habetur.
853 2349 1149 2412 Deligantur
1176 2356 1341 2397 autem
1366 2349 1418 2398 in
1446 2348 1682 2397 concione
1709 2346 1903 2410 legibus

64 2432 440 2496 patrocinaturi,
468 2449 591 2497 quae
619 2432 751 2497 apud
778 2433 1089 2482 nomothetas
1117 2433 1446 2495 abrogantur,
1487 2431 1700 2496 quinque
1726 2429 1817 2477 viri
1845 2446 1904 2479 ex

67 2516 294 2565 omnibus
320 2514 705 2565 Atheniensibus
731 2517 994 2565 undecima
1020 2517 1098 2566 die
1124 2517 1307 2565 mensis
1335 2512 1798 2564 Hecatombaeonis.

929 2623 1041 2671 149.

211 2689 326 2739 Τῶν
353 2690 402 2740 δὲ
430 2689 604 2755 νόμων
629 2690 732 2739 τῶν
759 2695 1009 2756 κειμένων
1040 2690 1111 2756 μὴ
1154 2696 1338 2751 ἐξεῖναι
1378 2690 1527 2739 λῦσαι
1555 2688 1775 2753 μηδένα,
1816 2687 1907 2738 ἐὰν

58 2773 128 2840 μή
158 2779 214 2824 ἐν
240 2777 573 2837 νομοθέταις·
611 2773 725 2823 τότε
764 2773 811 2822 δ’
838 2779 1020 2834 ἐξεῖναι
1058 2774 1129 2840 τῷ
1155 2777 1456 2840 βουλομένῳ
1483 2772 1586 2821 τῶν
1606 2771 1909 2832 Ἀθηναίων

65 2856 231 2916 λύειν,
261 2861 433 2921 ἕτερον
458 2861 650 2906 τιθέντι
678 2854 802 2907 ἀνθ’
832 2854 957 2907 ὅτου
984 2854 1052 2907 ἂν
1078 2856 1172 2920 λύῃ
1191 2873 1200 2885 ·
1229 2856 1644 2923 διαχειροτονίαν
1670 2855 1718 2905 δὲ
1743 2863 1908 2905 ποιεῖν

63 2939 184 2997 τούς
222 2939 493 3005 προέδρους
533 2944 642 3003 περὶ
680 2940 881 2990 τούτων
917 2939 1021 2990 τῶν
1061 2940 1262 3004 νόμων,
1303 2937 1506 3003 πρῶτον
1536 2941 1635 3002 μὲν
1674 2939 1904 3003 περὶτοῦ

63 3028 324 3089 κειμένου,
366 3027 413 3072 εἰ
437 3022 583 3072 δοκεῖ
606 3023 879 3083 ἐπιτήδειος
906 3023 1035 3074 εἶναι
1062 3024 1132 3089 τῷ
1161 3023 1302 3088 δῆμῳ
1329 3022 1403 3088 τῷ
1427 3019 1733 3082 Ἀθηναίων
1759 3020 1790 3082 ἢ
1817 3019 1905 3072 οὐ·

66 3110 233 3157 ἔπειτα
272 3110 381 3172 περὶ
418 3104 512 3155 τοῦ
553 3110 854 3171 τιθεμένου·
909 3102 1158 3170 ὁπότερον
1198 3104 1242 3153 δ’
1283 3101 1352 3154 ἂν
1383 3104 1820 3169 χειροτονήσωσιν
1858 3108 1904 3153 οἱ

69 3195 373 3255 νομοθέται,
413 3190 606 3240 τοῦτον
644 3189 831 3255 κύριον
869 3190 1024 3240 εἶναι·
1065 3191 1307 3239 ἐναντίον
1345 3187 1394 3238 δὲ
1435 3187 1601 3253 νόμον
1619 3187 1690 3253 μή
1720 3194 1901 3248 ἐξεῖναι

66 3278 262 3325 τιθέναι
300 3274 404 3323 τῶν
442 3272 617 3338 νόμων
641 3273 745 3323 τῶν
781 3278 1033 3338 κειμένων
1060 3271 1271 3335 μηδενί·
1309 3269 1401 3322 ἐὰν
1428 3270 1482 3321 δέ
1505 3291 1577 3328 τις
1605 3270 1759 3328 λύσας
1785 3269 1900 3319 τινά

64 3355 164 3407 τῶν
192 3355 364 3424 νόμων
387 3356 491 3406 τῶν
515 3359 791 3423 κειμένων,
821 3359 994 3421 ἕτερον
1021 3352 1209 3421 ἀντιθῇ
1231 3353 1301 3419 μὴ
1332 3353 1614 3415 ἐπιτήδειον
1639 3355 1710 3420 τῷ
1733 3353 1900 3416 Ἀθη-
