2114 3642
153 217 253 264 594
481 231 885 264 communimus
917 228 980 257 Ao
1019 222 1114 255 1293.
1151 221 1248 255 1294.
1290 222 1387 256 1295.
1425 220 1520 255 1296.
1553 223 1655 255 1301.

152 359 341 423 pietatis
383 375 486 407 esse
529 360 684 406 sinam
726 365 770 402 et
814 350 1130 414 1·elinquam.“
1189 350 1425 408 (Diodo
1443 368 1476 397 r.
1521 349 1714 397 Sicul.
1756 350 1841 408 XI.
1885 350 1991 405 29.)

153 441 389 507 Loquitur
415 442 473 490 de
503 440 631 489 bello
661 438 776 484 anni
806 435 947 481 4774
977 452 1018 482 a.
1051 432 1138 481 Ch.
1183 432 1388 481 ducibus
1420 433 1632 481 Aristide
1662 440 1707 479 et
1737 433 1992 481 Pausania.

921 574 1019 626 Ad
1049 574 1236 625 1293.

294 693 557 739 Decretum
585 686 676 733 hoc
704 686 855 734 latum
883 685 972 733 fuit
999 701 1129 733 anuo
1160 685 1274 731 475.
1307 701 1346 731 a.
1375 684 1462 732 Ch.

293 769 643 835 Thucydid.
673 771 708 823 Ι,
740 769 830 816 96:
874 768 1195 817 Athenienses
1224 768 1366 816 sociis
1396 766 1672 815 volentibus
1702 772 1991 825 statuerunt⁷

151 875 178 905 a
205 856 377 919 quibus
406 853 609 902 urbibus
646 853 902 918 pecunias,
946 861 991 899 et
1019 870 1046 899 a
1075 851 1250 914 quibus
1278 867 1431 898 naves
1461 850 1697 898 adversus
1726 849 1992 898 barbarum

150 938 374 1004 praeberi
403 944 663 1003 oporteret.
712 936 773 983 Et
801 944 916 984 tunc
946 935 1155 999 primum
1184 933 1315 998 apud
1348 934 1670 983 Athenienses
1700 932 1992 981 constitutus

150 1029 221 1071 est
247 1021 558 1085 magistratus
586 1020 911 1079 Quaestorum
942 1017 1182 1066 Graeciae
1213 1010 1258 1076 (ς
1277 1016 1692 1077 Ελλιῃόταμίαι),
1733 1017 1814 1079 qui
1839 1015 1990 1063 tribu-

148 1112 247 1153 tum
275 1103 591 1170 recipiebant.
645 1103 861 1150 Primum
902 1108 1063 1150 autem
1106 1101 1343 1148 tributum
1383 1109 1484 1147 erat
1513 1098 1991 1164 quadringentorum

148 1196 194 1237 et
220 1188 477 1251 sexaginta
515 1188 824 1235 talentorum.
880 1186 1062 1234 Eorum
1102 1201 1217 1232 vero
1248 1185 1490 1233 aerarium
1519 1183 1609 1231 fuit
1646 1182 1827 1241 Delos,
1872 1182 1991 1230 etin

150 1271 255 1337 ejus
281 1270 467 1336 templo
496 1276 770 1319 conventus
800 1269 993 1317 fiebant.

905 1408 1003 1460 Ad
1036 1409 1110 1460 12
1120 1408 1223 1460 94.

292 1521 436 1572 Anno
464 1521 563 1569 377
592 1539 632 1566 a.
664 1518 768 1580 Ch„
811 1536 960 1583 quum
990 1520 1051 1566 ob
1088 1519 1344 1566 molestam
1375 1517 1879 1566 Lacedaemoniorum
1906 1516 1989 1564 do-

150 1606 492 1664 minationem,
523 1604 685 1669 plures
714 1600 879 1650 eorum
908 1603 1022 1649 socii
1055 1601 1115 1649 ad
1143 1601 1469 1651 Athenienses
1499 1618 1548 1648 se
1578 1601 1898 1666 applicarunt.

904 1741 1002 1794 Ad
1044 1742 1231 1794 1295.

291 1857 365 1907 Ita
390 1861 726 1904 convenerunt
754 1854 871 1901 socii
901 1860 1058 1902 aetate
1087 1851 1336 1901 Nausinici
1367 1851 1642 1909 archontis,
1670 1851 1846 1917 olymp.
1876 1850 1988 1906 100,

185 1939 359 1987 :378
387 1958 427 1988 a.
457 1938 545 1989 Ch.

292 2023 640 2087 Inscriptiones
682 2021 768 2069 has
811 2019 1070 2069 ediderunt
1111 2019 1201 2066 viri
1243 2015 1481 2066 Graeciae
1523 2017 1818 2066 doctissimi:
1860 2017 1911 2065 C.
1941 2016 1988 2065 S.

153 2108 394 2165 Pittaces,
436 2107 494 2154 D.
525 2104 819 2160 (jhm-ames,
862 2104 913 2150 P.
945 2101 1290 2150 Eustratiades

292 2202 493 2251 Diodor.
535 2200 680 2249 Sicul.
723 2199 830 2257 XV,
873 2199 964 2246 29:
1008 2198 1053 2243 οἱ
1089 2192 1362 2253 Ἀθηναῖοι
1408 2235 1414 2245 .
1447 2235 1452 2242 .
1487 2235 1493 2242 .
1526 2235 1533 2244 .
1570 2193 1735 2259 ’νόμον
1775 2196 1988 2251 ἔθεντο,

148 2284 336 2347 μηδένα
365 2282 464 2330 τῶν
497 2280 797 2339 Ἀθηναίων
825 2286 1062 2348 γεωργεῖν
1088 2277 1234 2334 ἐκτὸς
1264 2279 1348 2337 τῆς
1383 2275 1636 2336 Ἀττικῆς.
1692 2280 1984 2339 (Athenien-

154 2387 230 2418 ses
256 2358 418 2432 legem
445 2368 686 2425 tulerunt,
718 2375 768 2414 ut
801 2365 1167 2415 Atheniensium
1194 2381 1338 2412 nemo
1367 2372 1504 2412 extra
1533 2362 1746 2412 Atticam
1773 2365 1878 2428 agri
1908 2381 1986 2411 co-

155 2452 282 2501 lendi
301 2454 384 2517 jus
413 2451 661 2513 haberet.)
921 2517 1019 2570 Ad
1047 2518 1215 2569 1296

295 2629 579 2679 Jurisdictio
607 2638 770 2678 tamen
800 2629 917 2677 haec
946 2627 1249 2675 solummodo
1275 2627 1333 2675 de
1351 2627 1504 2675 causis
1532 2626 1726 2690 majoris
1753 2626 1985 2673 momenti

159 2721 227 2759 est
255 2713 587 2776 intelligenda.
628 2712 700 2762 Cf.
731 2713 768 2759 B
786 2731 814 2759 o
832 2729 856 2760 e
874 2712 945 2759 ck
963 2711 1049 2759 hii
1078 2706 1259 2760 Oecon.
1289 2710 1421 2775 publ.
1452 2708 1559 2758 Ath.
1592 2709 1731 2758 Tom.
1750 2710 1783 2757 1.
1808 2725 1850 2772 p.
1871 2708 1982 2755 531.
2005 2707 2008 2709 Δ

920 2853 1018 2905 Ad
1051 2854 1224 2906 1301.

303 2962 405 3009 Hoc
434 2964 615 3012 factum
643 2972 715 3012 est
743 2981 767 3011 e
794 2963 1220 3012 senatusconsulto
1250 2962 1581 3009 Rmnanorum
1601 2998 1612 3017 ‚
1653 2975 1784 3007 anuo
1816 2958 1914 3004 196
1943 2975 1983 3006 a.

160 3044 247 3093 Ch.
277 3053 386 3109 post
414 3045 655 3095 devictum
685 3046 983 3112 Philippum.

304 3128 566 3176 Flaminius
606 3131 908 3179 Graecorum
949 3137 1194 3179 conventu
1233 3130 1390 3177 edicto
1435 3129 1623 3177 orditur
1650 3146 1678 3175 a
1718 3128 2015 3182 benefieiis,'

160 3229 283 3276 quae
323 3211 528 3259 Romani
569 3214 612 3259 in
644 3214 861 3262 Graecos
901 3214 1245 3269 contulissent,
1289 3222 1335 3259 et
1375 3212 1627 3275 subjungit
1654 3210 1985 3258 Romanorum

160 3293 394 3362 populum
423 3310 590 3341 omnes
618 3295 876 3345 Graeciam
905 3296 1174 3345 incolentes
1214 3295 1422 3355 liberos,
1462 3295 1565 3343 sine
1592 3294 1835 3358 praesidio
1864 3311 1988 3353 esse,

159 3388 232 3438 et,
270 3376 400 3442 quod
424 3377 767 3441 praecipuum,
810 3381 906 3427 suis
945 3381 1163 3445 ipsorum
1205 3378 1394 3440 legibus
1420 3378 1527 3441 regi
1544 3376 1734 3442 jubere.
1788 3377 1882 3425 Pro
1912 3377 1984 3423 his
