2114 3642
125 207 227 254 644
755 217 1162 252 COMMENTARIUS
1188 219 1258 250 AD
1289 216 1392 250 1576.

268 350 445 399 Pollux
471 350 607 408 VIII,
638 348 730 394 22:
769 340 831 389 τά
862 340 1247 405 προστιμήματα
1275 340 1461 390 Σόλων
1486 343 1684 390 ἐπαίτιοι
1711 345 1871 391 καλεῖ.

265 421 498 481 Suidas
538 450 572 479 s.
603 450 644 477 v.
683 424 1003 482 Ποδοκάκης
1046 429 1133 476 Est
1171 428 1386 491 lignum,
1426 429 1477 475 in
1517 428 1648 492 quod
1686 427 1839 493 pedes
1877 427 1966 473 im-

120 516 253 564 missi
281 516 696 577 constringuntur.
750 511 960 560 Romani
989 510 1244 575 cippum
1274 508 1560 573 (κοῦσπος)
1590 518 1783 560 vocant.
1835 509 1966 559 Dici-

120 605 199 647 tur
226 601 369 648 etiam
398 592 735 657 ποδοστράβῃ.

263 683 330 731 Id
348 698 432 728 em
459 700 494 728 s.
523 698 567 727 v.
603 675 929 734 Ποδωκάκκη
946 697 960 723 .·
988 676 1069 726 Sic
1099 677 1443 744 appellabatur
1471 696 1651 726 nervus
1678 677 1728 725 in
1756 693 1968 737 carcere,

121 766 198 813 vel
224 766 405 812 inserto
434 763 588 811 altero
615 781 666 817 κ,
708 761 840 825 quod
869 770 999 810 esset
1026 760 1270 826 quaedam
1297 761 1481 826 pedum
1509 761 1732 820 vexatiO,
1775 760 1880 820 vel,
1915 768 1969 807 ut

119 848 358 912 Didymus
397 847 488 906 ait,
536 863 626 911 per
666 863 936 911 syncopem
978 845 1109 893 dieta
1149 852 1247 905 est,
1289 846 1427 909 quasi
1469 841 1828 904 ποδοκατοχή,
1870 861 1967 907 quo

118 930 268 995 pedes
296 929 623 979 detineantur.

881 996 981 1049 Ad
1006 998 1196 1050 1576.

258 1110 316 1159 In
337 1109 450 1173 jure
475 1107 673 1172 publico
703 1103 806 1172 (ἕξ.
840 1107 989 1167 1150,
1024 1107 1185 1166 1151)
1214 1105 1448 1168 vidimus,
1487 1122 1598 1155 eum
1626 1108 1707 1172 qui
1736 1124 1760 1156 e
1787 1108 1967 1157 balneo

118 1199 201 1241 aut
228 1209 252 1240 e
280 1192 524 1256 palaestra
551 1200 634 1239 aut
662 1209 686 1239 e
715 1192 821 1239 foro
850 1198 934 1237 aut
961 1208 1019 1238 ex
1048 1190 1214 1253 aliquo
1243 1189 1481 1253 ejusmodi
1509 1191 1619 1239 loeo
1647 1191 1837 1240 furatus
1864 1192 1966 1240 fue-

115 1284 215 1336 rat,
254 1282 408 1323 morte
437 1276 661 1341 punitum
687 1275 850 1324 fuisse.
905 1273 1005 1322 Cur
1042 1273 1218 1336 igitur,
1261 1274 1343 1338 qui
1382 1292 1405 1321 e
1441 1274 1587 1323 domo
1615 1276 1810 1340 privata
1836 1275 1966 1324 fura-

120 1367 222 1421 tur,
250 1359 446 1408 nonnisi
475 1359 681 1424 duplum
707 1358 822 1406 furti
849 1357 1060 1423 pretium
1087 1356 1353 1422 rependit?

258 1455 522 1504 Rationem
547 1456 672 1518 legis
699 1472 756 1503 eo
784 1455 928 1503 sitam
969 1471 1074 1502 esse
1107 1453 1226 1501 dicit
1265 1462 1437 1503 auctor
1464 1454 1832 1504 Problematum
1860 1454 1966 1506 Ari-

116 1539 305 1588 stotelis
334 1539 547 1600 (XXIX,
579 1539 702 1599 14),
743 1538 875 1606 quod
915 1539 964 1586 in
993 1538 1221 1587 domibus
1249 1537 1446 1602 quidem
1474 1539 1720 1587 custodire
1749 1556 1965 1604 quocun-

115 1640 209 1688 que
248 1621 447 1670 tandem
490 1623 635 1671 modo
675 1622 812 1682 licet,
852 1640 965 1671 nam
1007 1636 1055 1670 et
1094 1623 1255 1687 paries
1297 1623 1463 1670 firmus
1504 1630 1552 1670 et
1592 1623 1744 1671 clavis
1783 1629 1880 1681 est,
1921 1629 1969 1669 et

116 1707 268 1755 servis
296 1707 576 1755 domesticis
617 1724 762 1755 curae
804 1715 877 1755 est
910 1707 1139 1755 omnibus
1167 1713 1220 1753 ut
1247 1714 1506 1754 serventur
1533 1724 1656 1770 quac
1684 1707 1878 1767 insunt,
1918 1713 1968 1753 at

114 1791 164 1838 in
191 1790 379 1839 balneis
421 1791 694 1854 ceterisque
734 1791 853 1839 locis
895 1808 1049 1854 aeque
1094 1789 1439 1838 communibus
1466 1807 1523 1838 ac
1549 1791 1784 1839 balneum
1810 1789 1966 1839 facilis

116 1874 158 1922 ei
187 1875 267 1938 qui
295 1874 426 1934 vult,
468 1868 702 1923 facinoris
746 1875 1050 1940 perpetratio
1081 1881 1164 1922 est.
1217 1874 1299 1922 Nil
1329 1875 1461 1922 enim
1489 1874 1549 1922 ad
1579 1873 1856 1923 custodiam
1882 1889 1965 1921 va-

115 1957 268 2005 lidum
309 1958 389 2022 qui
429 1975 518 2006 sua
556 1964 852 2021 posuerunt,
893 1957 1078 2005 habent
1116 1963 1314 2021 praeter
1354 1957 1523 2005 oeulos
1563 1975 1703 2016 suos,
1744 1956 1898 2004 ita-ut
1923 1956 1962 2002 si

114 2041 261 2088 modo
289 2040 577 2106 adspectum
606 2041 861 2089 diverterit
899 2041 1005 2105 quis
1023 2078 1036 2098 ,
1075 2041 1125 2100 in
1154 2057 1254 2088 rem
1285 2048 1357 2088 est
1384 2040 1506 2089 furi:
1547 2041 1870 2105 quamobrem
1897 2040 1965 2087 le-

114 2125 318 2188 gislator
362 2131 496 2172 ratus
536 2141 636 2173 11011
676 2125 978 2173 sufficientes
1018 2125 1189 2173 adesse
1231 2125 1484 2184 custodes,
1539 2125 1701 2189 legem
1743 2123 1967 2171 adhibuit

113 2207 170 2254 iis
198 2208 506 2255 minitantem
545 2209 806 2267 acerrime,
849 2216 1006 2255 morte
1048 2209 1277 2273 punitum
1312 2209 1397 2268 iri,
1441 2209 1521 2272 qui
1552 2209 1738 2256 alienas
1767 2225 1842 2255 res
1872 2207 1965 2255 sibi

114 2291 453 2339 vindicaverit.
506 2293 627 2340 Item
656 2293 705 2339 in
735 2291 936 2341 domum
972 2292 1170 2356 quidem
1195 2309 1349 2357 penes
1378 2292 1627 2341 (lominum
1656 2299 1756 2351 est,
1798 2307 1964 2354 quem-

115 2391 306 2439 cunque
334 2375 475 2431 velit,
508 2376 753 2440 recipere,
795 2384 842 2424 et
871 2377 946 2422 0111
975 2393 1076 2424 11011
1103 2376 1324 2424 confidat
1350 2375 1411 2423 ad
1439 2374 1873 2434 introducendmn3
1914 2382 1964 2422 at

115 2459 156 2504 ei
184 2459 263 2522 qui
292 2459 342 2506 in
370 2459 563 2507 balneis
605 2459 874 2524 quidquam
914 2460 1103 2524 posuit,
1146 2459 1408 2525 prohibere
1448 2460 1699 2507 neminem
1733 2458 1849 2506 licet
1875 2475 1966 2506 nec

114 2541 331 2603 ingredi,
372 2559 463 2590 nec
490 2543 771 2607 ingressum
799 2550 989 2590 vestem
1016 2560 1154 2591 suam
1181 2549 1380 2591 exutam
1407 2560 1506 2590 non
1534 2543 1780 2608 deponere
1808 2559 1965 2607 prope

116 2622 298 2685 furem,
338 2627 425 2674 sed
465 2627 639 2674 eodem
673 2627 722 2674 in
750 2627 859 2674 loco
886 2626 1005 2674 furis
1033 2635 1081 2674 et
1107 2627 1331 2674 amissuri
1359 2627 1658 2675 vestimenta
1684 2627 1965 2691 promiscue

108 2707 302 2769 jacent:
344 2717 645 2775 quapropter
686 2710 938 2773 legislator
979 2710 1021 2756 ei
1062 2709 1258 2773 quidem
1299 2711 1379 2773 qui
1408 2728 1497 2758 sua
1523 2717 1699 2774 sponte
1729 2711 1889 2759 furem
1916 2711 1966 2757 in

116 2806 251 2835 suam
280 2791 478 2839 domum
521 2793 768 2857 exceperit
808 2794 1011 2857 ipseque
1040 2794 1305 2854 erraverit,
1348 2811 1447 2842 non
1474 2793 1668 2856 magnis
1695 2792 1964 2842 admodum

115 2873 368 2936 suppliciis
384 2876 642 2934 consuluit,
660 2877 934 2937 ingratiam
963 2894 1080 2924 vero
1110 2894 1279 2924 eorum
1306 2878 1388 2941 qui
1418 2893 1732 2925 communem
1760 2875 1961 2924 balneo-

118 2972 225 3002 rum
241 2955 425 3006 aditum
446 2959 968 3023 conversationemque
985 2959 1185 3018 habent,
1204 2959 1449 3025 supplicia
1464 2961 1653 3009 furibus
1669 2977 1852 3023 magna
1867 2966 1962 3007 sta—

118 3039 220 3087 tuit.
273 3040 398 3087 Item
435 3042 465 3089 ii
506 3042 701 3106 quidem
730 3043 811 3107 qui
838 3044 886 3089 in
914 3043 1059 3103 locis,
1103 3061 1312 3108 quorum
1339 3044 1496 3092 aditus
1524 3052 1662 3109 patet
1689 3044 1961 3108 cuicunque

118 3121 260 3182 velit,
300 3122 481 3170 furtum
509 3127 843 3185 committunt,
887 3126 1115 3175 omnibus
1157 3127 1402 3175 manifesti
1431 3129 1579 3187 fiunt,
1623 3128 1736 3192 quia
1764 3127 1959 3192 conspi-
2007 3141 2012 3146 ’

118 3206 192 3253 0111
221 3212 354 3263 sunt,
382 3205 446 3253 ita
475 3214 526 3253 ut
552 3210 678 3258 vitae
706 3211 888 3259 servati
916 3227 977 3258 ne
1005 3210 1248 3259 commodi
1276 3211 1473 3275 quidem
1500 3211 1658 3275 gratia
1684 3211 1826 3275 probi
1855 3226 1960 3258 esse

117 3288 272 3337 videri
300 3289 479 3347 velint,
522 3299 684 3354 utpote
725 3312 874 3357 quun}
912 3296 1162 3342 incassum
1202 3295 1257 3342 iis
1300 3305 1398 3353 est,
1441 3296 1479 3341 si
1520 3313 1570 3343 se
1608 3295 1790 3359 probos
1828 3293 1960 3358 apud

119 3389 200 3419 eos
228 3373 580 3429 ementiantur,
623 3376 699 3435 qui
730 3394 828 3423 rem
858 3386 1061 3425 norunt:
1096 3379 1200 3441 jam
1243 3393 1360 3440 ergo
1401 3379 1561 3442 palam
1601 3377 1810 3442 improbi
1850 3393 1958 3425 esse
