2114 3642
851 213 914 243 DE
942 212 1118 245 CAEDE.
1795 193 1894 242 285

68 335 177 387 οὐδ’
206 334 318 385 ὅποι
348 335 615 400 βούλεται,
656 333 918 384 κάνταῦθ’
959 335 1238 399 ἀπαχθεὶς,
1285 335 1395 385 οὐδ’
1437 330 1642 393 ὁτιοῦν,
1686 339 1802 399 πρὶν
1829 331 1896 383 ἂν

67 421 252 486 κριθῇ,
293 423 538 477 πείσεται,
579 417 687 467 ἀλλ’
715 416 806 467 εὀἓν
826 419 924 482 μὲν
950 414 1087 484 ἁλῷ,
1132 418 1344 485 θανάτῳ
1373 417 1734 482 ζημιωθήσεται
1752 457 1766 476 ,
1806 416 1898 467 &civ

69 504 117 553 δὲ
140 501 210 567 μὴ
232 501 495 567 μεταλάβῃ
521 501 579 551 τὸ
607 505 833 566 πέμπτον
864 505 1013 566 μέρος
1051 503 1153 551 τῶν
1189 502 1378 568 ’ψήφων
1405 498 1432 552 ὁ
1463 499 1773 569 ἀπαγαγών,
1808 521 1898 564 χι-

67 590 176 644 λίας
203 585 543 651 προςοφλησει.
924 589 1204 648 (Demosth.
1231 607 1270 638 Ο.
1299 589 1582 640 Aristocrat.
1613 588 1756 648 647.)

907 696 1055 745 1131.

207 792 256 841 Si
299 791 403 856 quis
443 791 734 840 homicidam
773 791 823 839 in
863 792 1059 857 templis
1102 799 1149 840 et
1187 809 1276 858 per
1307 792 1464 841 forum
1491 790 1896 841 obambulantem

66 876 225 936 videt,
266 875 509 924 abducere
538 875 649 923 licet
674 875 812 923 illum
838 876 888 923 in
915 893 1187 935 carcerem,
1226 894 1325 925 non
1353 876 1574 935 domum,
1617 891 1774 940 neque
1801 891 1898 939 quo

66 959 259 1008 libitum
286 965 385 1018 est,
416 976 572 1024 eoque
598 958 865 1019 abductus,
906 965 1020 1007 ante
1047 959 1198 1007 latam
1225 959 1520 1008 sententiam
1547 959 1669 1006 nihil
1696 957 1896 1006 omnino

66 1042 301 1107 patietur,
340 1041 426 1090 sed
467 1041 721 1090 convictus
760 1049 916 1090 morte
955 1042 1205 1108 punietur,
1245 1049 1292 1090 et
1333 1042 1371 1091 si
1400 1048 1652 1090 accusator
1678 1041 1899 1106 quintam

68 1125 424 1174 sententiarum
450 1131 640 1190 partem
667 1141 766 1173 non
793 1125 983 1186 tulerit,
1026 1125 1156 1174 mille
1199 1123 1456 1174 drachmas
1495 1124 1699 1189 insuper
1725 1124 1896 1173 solvet.

71 1390 74 1391 ⁷
210 1328 309 1373 Καὶ
336 1322 427 1374 ε’ἂν
453 1330 672 1390 φέροντα
703 1323 730 1385 ἢ
757 1321 952 1394 ἄγοντα
990 1328 1082 1392 βίᾳ
1123 1323 1336 1384 ἀδίκως,
1377 1323 1539 1382 εὐθὺς
1580 1322 1897 1388 ἀμυνόμενος

67 1413 269 1473 κτείνῃ,
312 1413 535 1468 νηποινεὶ
564 1410 826 1459 τεθνοῖναι.
905 1413 1182 1474 (Demosth.
1211 1412 1321 1461 adv.
1354 1411 1582 1462 Aristocr.
1612 1411 1754 1469 638.)

209 1616 271 1664 Et
297 1615 334 1663 si
363 1632 509 1680 quem
549 1616 845 1680 spoliantem
880 1616 959 1664 vel
997 1623 1308 1679 grassantem
1348 1633 1436 1681 per
1467 1614 1562 1662 vim
1599 1622 1645 1662 et
1672 1614 1900 1679 injuriam

67 1699 229 1749 statim
257 1715 370 1748 suae
399 1715 546 1748 causa
574 1697 873 1747 defensionis
902 1698 1161 1759 occiderit⁷
1202 1698 1403 1764 impune
1433 1698 1621 1747 occisus
1649 1705 1765 1746 esto.

212 1901 271 1948 Οἱ
297 1897 417 1956 τούς
446 1898 684 1956 δεσπότας
711 1897 1121 1959 ἀποκτείναντες,
1149 1898 1241 1949 εὀὶν
1267 1905 1340 1949 ἐπ’
1369 1897 1656 1966 αὐτοφώρῳ
1685 1898 1902 1960 ληφθῶ-

69 2002 177 2041 σιν,
218 1981 280 2032 οὐ
313 1982 632 2042 θνήσκουσιν
657 1978 744 2033 ὑπ’
772 1981 945 2033 αὐτῶν
970 1983 1072 2032 τῶν
1099 1983 1487 2047 προσηκόντων,
1529 1981 1657 2031 ἀλλὰ
1687 1981 1902 2047 παραδι-

70 2066 249 2118 δόασιν
280 2065 470 2124 αὐτούς
498 2068 555 2131 τῇ
584 2065 729 2132 ἀρχῇ.
773 2068 1074 2135 (Antiphon.
1102 2069 1161 2118 de
1189 2069 1338 2119 caede
1366 2069 1549 2119 Herod.
1577 2067 1620 2134 ξ.
1649 2069 1758 2128 48.)

209 2262 375 2323 Servi,
418 2262 497 2327 qui
538 2262 682 2311 heros
721 2262 1020 2328 peremerint
1059 2269 1106 2310 et
1143 2262 1192 2309 in
1231 2263 1470 2326 flagrante
1511 2261 1687 2310 delicto
1729 2259 1899 2324 depre-

69 2348 206 2397 hensi
237 2347 444 2408 fuerint,
484 2364 545 2396 ne
574 2348 642 2396 sic
682 2347 878 2412 quidem
905 2365 933 2396 a
965 2364 1220 2397 caesorum
1260 2347 1548 2396 necessariis
1587 2344 1898 2401 occidunt-ur,

70 2430 154 2481 sed
180 2430 441 2481 traduntur
466 2431 785 2495 magistratui.

910 2504 933 2551 1
948 2504 1058 2553 134.

216 2580 322 2632 Τόν
348 2578 540 2632 ἁλόντα
569 2588 644 2633 ἐπ’
672 2582 908 2650 ἀκουσίῳ
935 2584 1083 2650 (τόνῳ
1124 2586 1181 2633 ἔν
1217 2601 1349 2633 τισιν
1381 2578 1671 2647 ὡρισμένοις
1692 2578 1901 2645 χρόνοις

71 2666 316 2716 ἀπελθεῖν
340 2665 532 2725 τακτὴν
559 2662 687 2717 ὁδὸν
723 2672 813 2717 καὶ
853 2667 1090 2737 φεύγειν,
1129 2672 1214 2723 ἕως
1253 2664 1319 2716 ἂν
1358 2665 1610 2724 αἰδέσηταί
1648 2685 1761 2714 τινα
1799 2665 1901 2713 τῶν

74 2757 129 2800 ἐν
154 2755 282 2819 γένει
309 2750 406 2799 τοῦ
432 2750 781 2809 πεπονθότος,
823 2752 1102 2811 τηνικαῦτα
1143 2750 1186 2799 δ’
1229 2748 1372 2809 ἥκειν
1391 2789 1402 2808 ,
1445 2751 1580 2798 ἔστιν
1606 2745 1668 2798 ὃν
1695 2747 1898 2814 τρόπον,

74 2833 175 2898 οὐχ
202 2830 265 2884 ὃν
291 2831 357 2883 ἄν
383 2833 538 2898 τύχῃ·
580 2833 707 2884 ἄλλα
737 2839 826 2884 καὶ
857 2836 1012 2885 θῦσαι
1042 2839 1129 2884 καὶ
1158 2834 1509 2898 καθαρθῆναι.

752 2921 1030 2982 (Demosth.
1061 2939 1099 2971 c.
1129 2921 1410 2972 Am'stocrat.
1439 2919 1757 2980 643-644.)

911 3029 1058 3078 1134.

214 3109 465 3158 Fortuitae
503 3110 664 3160 caedis
703 3111 962 3162 damnatus
1001 3119 1132 3162 certo
1173 3110 1386 3176 quodam
1422 3117 1641 3176 ternpore
1680 3112 1731 3160 in
1769 3119 1900 3160 certa

75 3193 154 3240 via
180 3193 322 3241 abeat
349 3200 396 3242 et
422 3194 608 3254 exulet,
648 3193 763 3243 dum
803 3196 1014 3260 aliquem
1053 3213 1077 3243 e
1116 3194 1357 3260 perempti
1396 3211 1576 3257 genere
1616 3195 1898 3260 placaverit.

77 3274 206 3323 Tum
231 3292 348 3325 vero
375 3277 541 3326 redeat
575 3282 708 3325 certo
735 3278 945 3341 quodam
972 3278 1089 3338 ritu,
1131 3284 1178 3326 et
1216 3293 1314 3325 non
1343 3277 1570 3338 fortuitO,
1610 3277 1695 3326 sed
1724 3285 1771 3326 et
1795 3294 1898 3325 rem

78 3356 294 3409 divinam
318 3360 465 3412 faciat
491 3366 539 3409 et
566 3359 800 3428 expietur.
