2161 3673
241 201 307 249 78
960 206 1039 237 ms
1065 201 1339 235 PUBmch.

1096 327 1211 376 311.

379 421 631 474 Frumenti
657 415 879 470 custodes
919 418 1031 461 sunt
1069 411 1384 474 magistratus
1417 417 1549 459 sorte
1575 408 1716 468 lecti,
1755 407 1837 472 qui
1864 412 2062 467 curant,

238 518 291 558 ut
315 509 642 564 frumentum,
685 501 864 550 farinae
903 502 951 544 et
991 511 1143 560 panes
1169 495 1302 559 juste
1331 509 1387 543 ac
1412 491 1683 543 secundum
1710 490 1807 539 fixa
1833 489 1990 555 pretia
2016 495 2064 538 et

239 591 455 658 pondera
478 587 764 637 vendantur.

379 753 490 800 Εἰσὶ
517 748 565 796 δὲ
593 744 685 794 τὸν
710 740 939 807 ἀριθμὸν
966 739 1357 800 πεντεκαίδεκα,
1386 739 1510 789 δέκα
1529 740 1627 802 μὲν
1652 742 1708 787 ἐν
1733 733 1889 796 ἄστει,
1917 740 2063 786 πέντε

240 835 283 884 δ’
309 840 363 884 ἐν
390 836 629 895 Πειραιεῖ.
1128 825 1509 893 (Harpocratioz
1538 819 1918 882 σιτοφύλακες).

375 1024 500 1073 Sunt
525 1029 688 1070 autem
721 1035 925 1068 numero
963 1015 1267 1081 quindecim;
1306 1014 1475 1064 decem
1501 1014 1552 1063 in
1579 1012 1727 1074 urbe,
1768 1011 1983 1076 quinque
2009 1009 2060 1058 in

238 1109 451 1158 Piraeeo.

1009 1238 1190 1306 Τμῆμα
1228 1238 1284 1290 ε’.

825 1334 1060 1400 Ἀρχαὶ
1117 1334 1457 1384 ναυτικαί.

1043 1441 1250 1450 mvsa-vus

1026 1503 1189 1554 Sectio
1229 1505 1273 1552 5.

760 1599 1192 1663 Magistratus
1242 1596 1527 1646 navales

1089 1717 1205 1766 313.

379 1812 510 1872 Τοῦς
547 1811 822 1881 βουλευτὰς
859 1815 949 1860 καὶ
989 1809 1110 1867 τούς
1137 1807 1424 1875 δημάρχους
1449 1805 1770 1876 καταλόγους
1797 1808 2055 1858 ποιεῖσθαι

235 1902 335 1950 τῶν
361 1900 591 1964 δημοτῶν
616 1901 706 1946 καὶ
733 1895 1005 1959 ἀποφέρειν
1032 1893 1231 1951 ναύτας.

1061 1978 1341 2044 (Demosth.
1370 1978 1481 2029 adv.
1509 1977 1694 2044 Polycl.
1725 1978 1916 2038 1208.)

1086 2087 1201 2136 313.

375 2177 634 2228 Senatores
673 2182 818 2238 atque
859 2168 1106 2221 demarchi
1142 2169 1326 2220 indices
1368 2169 1629 2219 conficiant
1666 2167 1971 2218 demetarum
2010 2174 2058 2217 et

236 2269 406 2312 nautas
433 2261 704 2326 designent.
1086 2326 1115 2374 3
1131 2327 1186 2374 ¹4

376 2428 462 2474 Δεῖ
486 2422 579 2484 τὴν
603 2420 798 2487 βουλὴν
826 2423 1044 2483 νεωρίων
1069 2417 1446 2483 ἐπιμεληθῆναι.

1001 2503 1322 2570 (Xenophon.
1358 2503 1528 2554 Athen.
1557 2519 1681 2568 resp.
1712 2502 1798 2563 ΙΙΙ,
1827 2502 1914 2558 2.).

1085 2610 1199 2660 314.

378 2700 582 2751 Senatus
609 2698 757 2751 debet
783 2696 1030 2747 navalium
1058 2712 1221 2745 curam
1251 2711 1434 2759 gerere.

1086 2801 1201 2850 315.

383 2896 486 2957 Τήν
522 2896 715 2962 βουλήν
753 2895 853 2947 τῶν
896 2896 1264 2946 Πεντακοσίων
1297 2893 1664 2957 λαμβάνουσαν
1693 2892 1930 2959 χρήματα
1957 2891 2057 2945 ἀπὸ

243 2980 329 3030 τοῦ
357 2981 541 3044 δήμου,
583 2980 761 3037 καινάς
793 2980 997 3045 τριήρεις
1024 2986 1199 3027 ποιεῖν.

377 3067 646 3131 (Anonymi
673 3084 856 3130 argum.
884 3067 936 3115 in
956 3063 1209 3115 Demosth.
1237 3070 1355 3111 orat.
1384 3080 1421 3111 e.
1447 3063 1736 3112 Androtion.
1757 3063 1913 3124 590.).

1086 3171 1201 3219 315.

333 3256 344 3266 ⁸
376 3254 582 3303 Senatus
623 3254 999 3318 quingentorum
1037 3260 1237 3318 accepta
1263 3269 1287 3300 e
1316 3253 1512 3317 publico
1553 3253 1762 3317 pecunia
1788 3269 1938 3300 novas
1969 3250 2050 3301 tri-

235 3354 391 3387 remes
418 3337 694 3386 fabricetur.
