2161 3673
685 200 1046 233 MAoisTRATUs
1072 202 1307 235 Ponrricr.
1841 188 1909 235 63

73 329 466 400 ξυγγράψαντας
503 325 710 395 γνώμην
749 329 1033 392 ἐσενεγκεῖν
1074 331 1120 383 ἐς
1158 324 1250 375 τὸν
1281 325 1446 391 δῆμον
1472 331 1518 383 ἐς
1544 322 1730 392 ἡμέραν
1757 326 1907 391 ῥητὴν

72 419 200 463 καθ’
228 410 306 463 ὅτι
332 408 514 477 ἄριστα
542 405 568 469 ἦ
600 407 741 465 πόλις
769 405 1038 467 οἰκήσεται.

214 494 503 561 Προέδρους
553 514 605 541 τε
656 495 858 541 ἑλέσθαι
905 496 1046 541 πέντε
1091 488 1280 559 ἄνδρας
1299 531 1312 552 ,
1360 490 1573 549 τούτους
1613 492 1663 542 δὲ
1705 496 1908 543 ἑλέσθαι

73 579 260 631 ἑκατὸν
286 575 502 643 ἄνδρας,
542 579 632 625 καὶ
670 574 773 624 τῶν
812 573 1003 624 ἑκατὸν
1039 579 1261 626 ἕκαστον
1292 574 1413 642 πρὸς
1441 576 1606 643 ἑαυτῷ
1632 583 1785 642 τρεῖς·
1826 581 1907 626 ἐλ-

73 664 262 721 θόντας
290 661 337 712 δὲ
377 658 566 717 αὐτούς
603 661 963 723 τετρακοσίους
1003 655 1154 717 ὄντας
1181 665 1227 718 ἐς
1252 658 1310 709 τὸ
1338 658 1703 726 βουλευτήριον
1729 655 1909 724 ἄρχειν

71 745 168 811 ὅπῃ
197 744 263 795 ἂν
288 742 467 810 ἄριστα
492 741 847 812 γιγνώσκωσιν
886 741 1258 809 αὐτοράτορας,
1297 748 1387 793 καὶ
1424 741 1544 801 τούς
1577 760 1906 805 πεντακισχι-

71 834 211 886 λίους
237 828 287 878 δὲ
314 831 572 896 ξυλλέγειν
598 822 798 877 ὁπόταν
823 824 997 884 αὐτοῖς
1024 826 1168 893 δοκῇ.

1143 912 1448 978 (Thucydid.
1477 912 1613 974 VIII,
1642 912 1763 972 67.).

928 986 1044 1034 242.

210 1071 398 1119 Decem
434 1068 527 1117 viri
566 1068 732 1133 legum
772 1068 1241 1118 conscribendarum
1282 1084 1431 1117 causa
1468 1067 1780 1134 deligantur,
1822 1067 1903 1133 qui

72 1170 310 1202 summam
335 1151 480 1218 hujus
506 1152 575 1200 rei
602 1158 895 1217 potestatem
921 1151 1164 1212 habeant,
1203 1151 1251 1199 hi
1291 1167 1412 1200 vero
1454 1151 1761 1214 rogationem
1787 1167 1902 1200 con-

72 1237 309 1302 scriptam
335 1237 397 1286 ad
423 1237 664 1303 populum
688 1237 817 1286 intra
856 1245 1041 1285 certam
1081 1236 1211 1285 diem
1239 1236 1426 1297 ferant,
1469 1253 1565 1300 qua
1591 1237 1779 1285 ratione
1805 1253 1904 1285 res-

74 1319 275 1385 publica
302 1320 482 1386 optime
510 1319 837 1368 administrari
864 1327 1045 1384 posset.

213 1403 439 1467 Quinque
464 1403 583 1450 item
607 1401 859 1468 praesides
886 1401 1062 1467 deligi,
1104 1402 1185 1467 qui
1224 1419 1391 1451 rursus
1430 1409 1626 1451 centum
1665 1403 1796 1452 viros
1824 1403 1907 1453 eli-

71 1492 217 1551 gant,
262 1503 470 1551 quorum
507 1485 686 1550 singuli
724 1492 824 1534 tres
863 1484 984 1534 alios
1025 1485 1118 1534 sibi
1158 1492 1419 1551 cooptent3
1458 1485 1507 1534 hi
1546 1502 1665 1536 vero
1703 1503 1906 1535 numero

72 1568 420 1634 quadringenti
444 1569 496 1618 in
522 1569 707 1618 curiam
732 1568 970 1633 ingressi,
1009 1585 1197 1618 summa
1222 1576 1468 1635 potestate
1504 1569 1737 1635 praediti,
1779 1587 1903 1619 rem-

70 1651 321 1717 publicam
357 1659 561 1716 gerant,
601 1660 748 1717 prout
785 1652 1027 1718 optimum
1065 1669 1170 1701 esse
1210 1653 1564 1716 cognoverint,
1608 1661 1655 1702 et
1693 1653 1905 1719 quinque

70 1735 224 1785 millia
248 1735 429 1784 civium
455 1743 789 1799 congregent,
831 1735 1029 1800 quando
1056 1735 1175 1801 ipsis
1203 1735 1364 1784 visum
1390 1735 1550 1785 suerit.

213 1923 355 1989 Πρὸς
388 1931 490 1981 τοῖς
530 1919 644 1974 οὖσι
685 1923 809 1972 δέκα
848 1927 1050 1973 ἑλέσθαι
1090 1921 1278 1981 ἄλλους
1317 1926 1545 1983 εἴκοσιν,
1585 1927 1907 1992 εἰσηγησομέ-

73 2026 192 2062 νους
218 2005 280 2055 τοὶ
308 2006 571 2056 δοκοῦντα
596 2008 658 2070 τῇ
685 2010 926 2072 πολιτείᾳ.
1162 2009 1396 2073 (Suidasx
1424 2007 1764 2074 πρόβουλοι.)

935 2093 1050 2143 243.

213 2164 396 2213 Decem
422 2164 839 2231 conscriptoribus
864 2165 1159 2230 adlegantur
1185 2166 1377 2230 viginti,
1413 2149 1494 2232 qui
1521 2185 1646 2232 quae
1676 2165 1906 2232 reipubli-

72 2264 156 2298 cae
183 2247 458 2298 conducere
485 2248 741 2309 videntur,
782 2247 1034 2298 svadeant.

216 2423 349 2482 Τούς
389 2428 745 2490 τετρακοσίους
783 2424 1177 2475 καταπαύεσθαι
1210 2429 1303 2474 καὶ
1329 2433 1434 2482 τοῖς
1472 2428 1903 2487 πεντακισχιλίοις

71 2505 133 2557 τοὶ
157 2506 429 2576 πράγματα
457 2508 777 2574 παραδοῦναι
795 2528 804 2537 ·
845 2508 977 2559 εἶναι
1005 2508 1055 2560 δὲ
1086 2507 1260 2574 αὐτῶν
1285 2504 1467 2568 ὁπόσοι
1495 2506 1627 2558 ὅπλα
1653 2513 1905 2574 παρέχον-

70 2608 179 2640 ται·
217 2596 306 2641 καὶ
327 2591 529 2656 μισθὸν
548 2591 740 2657 μηδένα
767 2597 937 2658 φέρειν
957 2593 1180 2660 μηδεμιᾷ
1205 2591 1369 2658 ἀρχῇ,
1410 2595 1458 2642 εἰ
1493 2591 1543 2641 δὲ
1572 2590 1642 2657 μὴ
1660 2631 1672 2651 ,
1711 2591 1906 2659 ἐπείρα-

71 2695 163 2724 τον
188 2680 459 2725 ποιεῖσθαι.
1138 2678 1444 2745 (Thycydid.
1473 2678 1609 2740 VIII,
1638 2679 1763 2740 97.).

928 2752 1043 2800 244.

211 2832 467 2898 Abrogato
503 2834 874 2899 quadringentis
914 2836 1030 2885 viris
1069 2835 1304 2901 imperiO,
1344 2850 1508 2883 rerum
1545 2833 1903 2884 administratio

70 2917 282 2982 quinque
320 2917 535 2966 millibus
573 2918 820 2980 tradetur,
865 2918 964 2967 sint
1001 2925 1163 2967 autem
1204 2935 1264 2965 ex
1303 2916 1397 2966 hoc
1446 2934 1651 2967 numero
1704 2936 1901 2980 omnes,

69 3007 310 3066 quotquot
336 3017 472 3051 arma
498 3016 586 3050 sua
610 3001 707 3067 ipsi
733 3002 981 3051 exhibent.
1034 3002 1098 3049 Et
1123 2999 1404 3050 mercedem
1429 3018 1491 3050 ne
1518 3001 1626 3067 quis
1652 3001 1804 3052 ullam
1828 3003 1900 3052 ul-

68 3083 161 3133 lius
187 3084 502 3148 magistratus
529 3084 689 3148 gratia
714 3084 950 3150 accipiat,
990 3084 1171 3148 alioqui
1198 3092 1480 3133 exsecratus
1506 3084 1759 3135 habeatur.

215 3271 508 3335 Τριάκοντα
535 3270 781 3335 ἀνδράσιν
806 3277 1065 3338 ἐπιτρέψαι
1089 3270 1184 3331 την
1209 3270 1371 3323 πόλιν.

994 3346 1193 3410 (Lysias
1220 3364 1258 3395 c.
1288 3345 1534 3397 Eratosth.
1562 3343 1606 3411 ξ.
1635 3346 1756 3403 73.)
