2161 3673
860 256 1002 288 LEGIS
1027 255 1199 287 LATIO.
1875 237 1939 284 43

115 385 345 444 svadere,
372 382 420 432 id
447 383 606 432 edere.
658 383 812 431 Latae
841 388 1003 431 autem
1028 381 1112 430 ubi
1140 381 1323 431 fuerint
1360 382 1521 444 leges,
1564 387 1761 429 senatus
1788 378 1939 429 Areo-

113 468 352 534 pagiticus
380 482 542 516 earum
568 482 734 514 curam
761 465 938 529 gerito,
973 473 1027 514 ut
1051 465 1336 529 magistatus
1369 463 1561 527 legibus
1587 463 1706 511 ratis
1731 469 1940 512 utantur.

113 552 302 616 Legum
326 566 444 599 vero
469 565 785 614 quaecunque
813 547 909 596 sint
933 547 982 595 in
1007 547 1124 596 ratis
1152 547 1377 608 habitae,
1404 542 1494 595 ‘eas
1522 545 1864 611 perscribunto
1889 544 1941 593 in

114 634 325 700 pariete,
364 628 454 682 ubiv
472 631 658 697 priores
690 630 824 695 leges
854 630 1155 697 perscriptae
1184 630 1300 680 olim
1327 637 1493 690 erant,
1533 635 1588 679 ut
1611 628 1785 679 volens
1813 627 1941 694 quis-

113 733 206 783 que
233 724 454 782 spectare
480 713 649 781 possit.

973 797 996 844 1
1007 797 1087 845 58.

258 888 390 948 Τούς
428 888 618 955 νόμους
656 887 776 946 τούς
816 886 910 954 πρὸ
939 886 1229 938 Εὐκλείδου
1254 891 1491 945 τεθέντας
1513 892 1569 938 ἐν
1596 886 1937 952 δημοκρατίᾳ,

111 977 201 1024 καὶ
227 970 339 1023 ὅσοι
365 978 439 1023 ἐπ’
467 970 757 1022 Εὐκλείδου
783 975 1055 1035 ἐτέθησαν,
1082 975 1172 1020 καὶ
1201 973 1333 1020 εἰσίν
1358 967 1815 1040 ἀναγεγραμμένοι,
1842 989 1943 1019 κυ-

112 1059 250 1122 ρίους
277 1055 434 1107 εἶναι·
473 1053 595 1113 τούς
622 1054 672 1105 δὲ
692 1060 801 1120 μετ’
830 1052 1118 1115 Εὐκλείδην
1143 1058 1381 1110 τεθέντας
1399 1092 1412 1112 ,
1452 1058 1542 1103 καὶ
1568 1052 1627 1102 τὸ
1656 1051 1841 1103 λοιπὸν
1865 1074 1943 1102 τι-

115 1143 359 1196 θειιένους
374 1176 387 1197 ,
414 1140 627 1203 κυρίους
653 1135 781 1187 εἶναι
809 1134 909 1186 ἀπὸ
937 1137 1023 1197 τῆς
1050 1133 1228 1202 ἡμέρας
1242 1174 1256 1195 ,
1295 1130 1349 1195 ἧς
1374 1141 1586 1193 ἕκαστος
1612 1141 1785 1200 ἐτέθη,
1813 1135 1945 1196 πλὴν

113 1221 164 1270 εἴ
193 1242 263 1287 τῳ
302 1225 703 1290 προσγέγραπται
734 1219 955 1286 χρόνος,
997 1217 1176 1269 ὅντινα
1213 1218 1290 1269 δεῖ
1324 1215 1530 1284 ἄρχειν
1569 1217 1849 1287 ἐπιγράψαι
1889 1219 1939 1270 δὲ

112 1312 216 1362 τοῖς
248 1307 346 1370 μὲν
385 1304 486 1354 νῦν
521 1308 769 1369 κειμένοις
808 1300 902 1352 τὸν
939 1307 1232 1371 γραμματέα
1274 1302 1357 1362 τῆς
1394 1301 1616 1368 βουλῆς,
1668 1301 1945 1367 τριάκοντα

114 1383 335 1452 ἡμερῶν·
373 1384 430 1436 τὸ
459 1385 509 1436 δὲ
535 1384 745 1445 λοιπὸν,
785 1381 838 1442 ὃς
872 1382 940 1435 ἂν
975 1384 1207 1454 τυγχάνῃ
1246 1385 1647 1455 γραμματεύων,
1688 1403 1944 1455 προσγρα-

113 1474 243 1533 φέτω
287 1469 590 1535 παραχρῆμα
626 1466 721 1518 τὸν
757 1466 923 1533 νόμον
960 1468 1147 1534 κύριον
1193 1467 1323 1518 εἶναι
1362 1467 1463 1517 ἀπὸ
1503 1468 1589 1527 τῆς
1631 1463 1837 1534 ὴμέρας,
1891 1462 1945 1529 ἧς

111 1557 269 1614 ἐτέθη.
967 1555 1248 1615 (Demosth.
1275 1556 1326 1604 in
1352 1555 1617 1605 Timocrat.
1645 1555 1802 1616 713.).

972 1663 1087 1712 158.

252 1746 412 1810 Leges
451 1762 576 1811 quae
615 1752 728 1794 ante
770 1745 1027 1794 Euclidem
1065 1746 1116 1794 in
1149 1745 1306 1794 libera
1342 1747 1599 1812 republica
1626 1754 1674 1795 et
1700 1763 1827 1812 quae
1853 1748 1942 1795 sub

114 1830 313 1880 Euclide
363 1829 580 1895 perlatae
631 1837 744 1878 sunt
789 1836 837 1878 et
886 1830 1178 1895 inscriptae,
1223 1838 1356 1879 ratae
1408 1839 1568 1879 sunto.
1637 1830 1775 1890 Quae
1826 1848 1943 1878 vero

112 1920 223 1980 post
274 1912 524 1961 Euclidem
575 1912 794 1977 perlatae
845 1919 959 1961 sunt
997 1919 1045 1961 et
1080 1913 1132 1961 in
1170 1920 1426 1979 posterum
1477 1914 1812 1978 perferentur,
1867 1929 1942 1961 ra-

114 2004 191 2045 tae
218 2003 361 2045 sunto
387 1995 449 2043 ab
477 2013 535 2044 eo
563 1995 666 2057 die,
706 2013 803 2060 quo
845 2011 1066 2061 quaeque
1105 1997 1297 2061 perlata
1336 2004 1434 2058 est,
1475 1997 1569 2045 nisi
1596 1997 1634 2044 si
1662 1996 1738 2045 cui
1764 1996 1942 2045 adscri-

114 2086 252 2145 ptum
293 2085 367 2128 est
391 2086 608 2144 tempus,
650 2095 679 2127 a
704 2095 800 2144 quo
827 2086 933 2127 rata
959 2096 1064 2129 esse
1091 2079 1281 2129 debeat.
1333 2078 1598 2129 Adscribat
1624 2086 1788 2128 autem
1815 2096 1944 2127 nunc

115 2162 324 2228 receptis
349 2162 510 2211 scriba
535 2169 732 2211 senatus
758 2162 889 2211 intra
913 2162 1115 2226 triginta
1141 2162 1271 2224 dies,
1310 2163 1360 2212 in
1386 2170 1641 2228 posterum
1666 2181 1810 2224 vero,
1840 2164 1942 2227 qui-

114 2262 305 2311 cunque
331 2244 518 2295 scribae
544 2245 766 2311 fungitur
791 2246 974 2307 officio,
1002 2247 1168 2297 statim
1194 2247 1443 2297 adscribat
1468 2248 1627 2311 legem
1655 2263 1759 2296 esse
1787 2254 1944 2295 ratam

114 2328 176 2379 ab
203 2346 260 2378 eo
285 2328 390 2391 die,
431 2346 526 2394 quo
552 2329 653 2378 lata
676 2328 837 2379 fuerit.

972 2424 1086 2473 159.

249 2501 498 2573 Ἀγράφῳ
525 2504 575 2554 δὲ
603 2503 748 2571 νόμῳ
773 2503 860 2562 τὰς
887 2501 1050 2571 ἀρχάς
1070 2503 1142 2570 μὴ
1164 2504 1395 2570 χρῆσθαι
1416 2504 1540 2569 μηδὲ
1569 2508 1678 2568 περὶ
1706 2503 1831 2561 ἑνός.

994 2590 1263 2653 (Andocid.
1292 2591 1352 2641 de
1377 2598 1578 2656 myster.
1606 2588 1650 2656 ξ.
1677 2591 1800 2651 85.)

974 2699 1088 2747 159.

255 2783 389 2846 Lege
416 2782 569 2830 literis
594 2799 695 2831 non
721 2783 1013 2848 consignata
1040 2782 1356 2846 magistratus
1383 2797 1444 2829 ne
1473 2788 1673 2831 utuntor
1692 2781 1790 2832 ulla
1810 2782 1861 2831 in
1877 2800 1944 2833 re.

974 2890 1088 2939 160.

255 2972 341 3017 Δεῖ
374 2967 467 3018 τὸν
508 2968 675 3033 ὀρθῶς
715 2972 905 3032 ἔχοντα
945 2968 1112 3034 νόμον
1149 2971 1239 3016 καὶ
1278 2971 1536 3019 συνοίσειν
1579 2975 1833 3035 μέλλοντα
1872 2970 1944 3035 τῷ

113 3050 294 3110 πλήθει
311 3089 323 3110 ,
362 3052 564 3116 πρῶτον
595 3055 692 3116 μὲν
719 3049 887 3110 ἅπλῶς
921 3057 1011 3102 καί
1039 3052 1192 3101 πᾶσιν
1218 3047 1406 3115 ὁμοίως
1431 3056 1691 3120 γνωρίμως
1716 3052 1942 3122 γεγράφ-

116 3139 222 3193 θαι,
250 3138 340 3182 καὶ
363 3133 432 3198 μή
460 3133 531 3199 τῷ
553 3138 652 3198 μὲν
678 3134 808 3185 εἶναι
834 3140 980 3185 ταυτί
1007 3139 1114 3198 περὶ
1143 3132 1309 3183 αὐτοῦ
1333 3137 1578 3199 νομίζειν,
1605 3137 1678 3202 τῷ
1704 3136 1753 3186 δὲ
1779 3139 1942 3185 ταυτί·

115 3217 260 3265 ἔπειτ’
288 3216 418 3266 εἶναι
447 3215 667 3273 δυνατάς
693 3217 780 3275 τὰς
807 3218 1022 3284 πράξεις,
1051 3214 1110 3273 ἂς
1138 3216 1213 3265 δεῖ
1235 3219 1505 3285 γίγνεσθαι
1535 3217 1615 3267 διά
1643 3218 1735 3268 τοῦ
1766 3218 1940 3284 νόμου.

115 3297 256 3363 Πρὸς
295 3299 343 3349 δὲ
382 3298 610 3358 τούτοις,
659 3298 833 3351 οὐδενὶ
873 3301 975 3349 τῶν
1012 3297 1339 3350 ἀδικούντων
1376 3303 1656 3363 φαίνεσθαι
1688 3301 1942 3368 μηδεμίαν

117 3379 319 3431 διδόντα
345 3381 581 3447 ζιαςώνην.
913 3385 1254 3446 (Demosthen.
1282 3403 1320 3436 c.
1349 3387 1610 3438 Timocrat.
1640 3388 1796 3448 722).
