2114 3642
577 182 982 214 COMMENTARIUS
1014 181 1079 212 An
1110 180 1211 215 1060,
1243 179 1344 213 1066.
1779 172 1877 218 553

43 312 122 375 qui
153 311 270 359 nihil
299 310 502 369 debeat,
545 310 621 356 vel
650 310 951 373 inscripserit
978 316 1029 356 ut
1056 308 1354 366 debitorem,
1384 326 1535 374 supra
1561 316 1721 358 tamen
1752 331 1877 359 sum—

43 413 167 444 mam
197 395 440 455 debitam,
477 393 710 443 adversus
739 409 849 441 euin
877 392 1003 439 actio
1032 392 1182 441 falsae
1214 392 1541 459 inscriptionis
1570 394 1877 453 instituitur.)

804 544 901 596 Ad
926 545 1115 597 1060.

187 657 513 723 Harpocratio
552 664 664 721 post
706 658 858 705 verba
899 652 1164 714 δικάζηταί
1204 673 1299 700 τινι
1343 650 1406 709 (ὃς
1447 652 1509 702 οὐ
1552 657 1670 706 haec
1707 658 1880 706 habet:

44 738 252 794 δικαίως
280 735 442 787 αὐτὸν
468 736 814 805 ἐγγεγραᾳύτι.
870 740 966 789 Sed
1004 740 1070 788 ita
1098 737 1282 788 nullum
1314 740 1442 788 foret
1470 741 1730 791 discrimen
1757 742 1882 791 inter

43 819 354 887 βουλεύσεως
382 830 429 871 et
456 820 841 889 ψευδεγγραφῆς
869 825 1124 872 actionem.

185 918 469 968 Secundum
508 918 710 969 Suidam
750 923 811 981 (s.
840 940 883 969 v.
926 915 1111 984 ψευδὴς
1145 914 1398 984 ἑγγραφή)
1445 919 1514 967 sic
1553 919 1717 969 differt
1755 920 1880 969 actio

45 999 432 1068 ψευδεγγραφῆς
472 1002 533 1051 ab
574 1004 766 1053 actione
807 1000 1150 1067 βουλεύσεως,
1203 1001 1334 1068 quod
1372 1004 1588 1068 priorem
1629 1004 1883 1053 videantur

42 1087 337 1148 instituisse,
379 1087 460 1150 qui
496 1104 606 1135 cum
646 1088 832 1136 aerario
860 1088 980 1136 nihil
1009 1088 1270 1148 deberent,
1311 1087 1361 1133 in
1390 1087 1581 1135 tabulas
1609 1086 1880 1136 debitorum

42 1171 164 1220 falso
203 1170 344 1220 relati
385 1177 546 1232 erant,
588 1172 909 1237 posteriorem
950 1189 1096 1232 vero,
1145 1170 1226 1236 qui
1268 1188 1377 1219 011111
1417 1171 1650 1219 muletam
1692 1172 1879 1220 aerario

43 1262 155 1304 ante
185 1254 402 1303 debitam
428 1255 717 1316 solvissent,
757 1256 934 1305 iterum
974 1256 1024 1306 in
1063 1255 1256 1304 tabulas
1296 1254 1573 1304 debitorum
1599 1272 1688 1319 per
1716 1253 1880 1303 dolum

46 1345 188 1387 erant
215 1337 369 1387 relati.

185 1432 380 1481 Heffter
419 1432 592 1481 asserit
640 1432 773 1492 (Die
815 1432 975 1481 athen.
1022 1432 1374 1481 Ger-ichtsverf.
1414 1450 1459 1497 p.
1501 1432 1640 1493 169)
1681 1430 1884 1499 γραφὴν

42 1510 352 1576 βουλεύσεως
390 1524 560 1564 eontra
603 1533 685 1564 cos
723 1516 871 1563 fuisse
910 1533 1220 1577 concessam,
1264 1516 1343 1580 qui
1384 1517 1432 1563 in
1474 1533 1620 1565 causa
1662 1525 1799 1565 erant
1837 1525 1887 1564 ut

45 1598 217 1664 aliquis
258 1617 350 1664 pro
399 1600 596 1665 publico
638 1600 858 1649 debitore
910 1599 1030 1648 false
1082 1600 1454 1662 inscriberetur,
1499 1597 1886 1665 ’ψευδεγγραφῆς

45 1700 159 1731 vero
200 1691 370 1733 contra
407 1683 634 1749 publicos
675 1691 989 1749 quaestores,
1034 1685 1114 1750 qui
1153 1684 1327 1733 falsam
1366 1684 1734 1749 inscriptionem
1774 1700 1883 1748 per-

46 1774 267 1830 egerunt.

811 1847 910 1901 Ad
934 1850 1122 1902 1066.

189 1969 470 2019 Secundum
499 1970 658 2033 Leges
688 1970 909 2019 Platonis
938 1972 1082 2032 (943,
1111 1970 1311 2031 A--B),
1352 1972 1389 2019 si
1419 1972 1526 2036 quis
1554 1971 1717 2020 deficit
1744 1972 1883 2035 igna-

48 2054 127 2102 via
152 2072 252 2102 non
281 2053 507 2102 dimissus
535 2071 564 2101 a
589 2053 919 2117 praetoribus,
942 2052 1164 2102 desertae
1192 2054 1392 2101 militiae
1422 2054 1761 2102 accusationes
1789 2054 1886 2102 sint

48 2137 180 2202 apud
207 2137 353 2185 duces
379 2136 520 2197 belli,
549 2154 658 2185 cum
685 2137 918 2185 redierint
945 2138 1006 2185 ab
1037 2138 1277 2198 exercitu,
1298 2137 1379 2201 jus
1405 2143 1569 2185 autem
1596 2136 1762 2184 dicant
1788 2138 1883 2185 sin‘-

48 2221 165 2285 gula
188 2237 372 2285 genera
400 2237 596 2281 eorum,
638 2221 719 2284 qui.
762 2221 812 2268 in
851 2221 1162 2286 expeditione
1203 2221 1406 2280 fuerint,
1443 2237 1664 2269 seorsum
1703 2226 1751 2267 et
1775 2236 1883 2283 gra-

50 2303 371 2359 viterarmati
399 2310 447 2351 et
475 2304 661 2367 equites
691 2309 736 2351 et
763 2303 952 2367 reliqua
991 2320 1176 2368 genera
1214 2303 1440 2352 militaria
1479 2303 1671 2366 singula
1704 2302 1884 2351 itidem.

50 2387 100 2437 Si
127 2387 234 2453 quis
263 2394 425 2436 autem
464 2387 821 2436 condemnatus
862 2394 960 2449 est,
1001 2388 1044 2435 ei
1070 2388 1280 2452 primum
1310 2387 1403 2435 1100
1430 2387 1513 2448 sit,
1555 2394 1608 2434 ut
1634 2403 1884 2450 nunquam

50 2470 108 2519 de
136 2470 394 2519 universae
423 2470 615 2518 virtutis
642 2471 808 2536 palma
834 2470 1156 2531 contendere,
1184 2487 1344 2533 neque
1371 2469 1519 2517 alium
1547 2469 1768 2518 desertae
1795 2470 1882 2517 mi-

50 2553 180 2602 litiae
208 2552 472 2618 postulare,
502 2570 660 2619 neque
682 2554 732 2602 in
757 2553 831 2601 his
857 2553 1155 2602 accusatoris
1183 2560 1348 2618 partes
1375 2568 1524 2617 agere
1552 2552 1720 2616 possit,
1749 2569 1884 2616 prae-

50 2645 183 2686 terea
221 2653 337 2686 vero
371 2637 607 2702 judicium
648 2638 690 2685 ei
730 2637 989 2697 aestimet,
1045 2636 1160 2701 quid
1198 2637 1300 2702 pati
1341 2653 1450 2685 eum
1486 2635 1563 2684 vel
1604 2635 1884 2701 dependere

51 2728 289 2788 oporteat.

193 2815 340 2881 Apud
368 2816 786 2864 Lacedaemonios
826 2817 864 2864 si
903 2816 1008 2881 quis
1044 2831 1160 2881 prae
1186 2815 1385 2879 ignavia
1412 2814 1665 2877 defugeret
1690 2814 1884 2864 labores

53 2902 102 2949 in
130 2900 369 2949 obeundis
395 2900 477 2957 iis,
521 2916 643 2964 quae
682 2901 815 2964 leges
849 2900 1054 2964 jubent,
1094 2916 1203 2947 eum
1230 2899 1489 2963 Lycurgus
1515 2898 1565 2945 in
1590 2914 1793 2947 numero
1822 2899 1883 2947 ci—

54 2984 185 3032 vium
203 3000 264 3031 ne
280 2983 449 3032 haberi
478 2982 672 3047 quidem
701 2983 879 3032 debere
909 2982 1136 3031 decrevit.
1161 2982 1235 3041 (X
1251 2998 1275 3030 e
1292 3000 1324 3029 n
1342 2999 1368 3029 o
1384 2999 1414 3045 p
1430 2981 1461 3028 h
1479 2999 1506 3029 0
1522 2998 1567 3029 n.
1598 2981 1883 3041 Lacedaeni.

56 3083 180 3131 resp.
207 3067 268 3127 X,
298 3066 370 3126 ⁵7.)

195 3163 319 3210 Item
347 3169 486 3226 turpe
515 3166 619 3209 erat
642 3161 863 3209 timidum
892 3162 1103 3225 aliquem
1130 3159 1529 3208 contubernalem
1544 3159 1624 3208 vel
1640 3160 1880 3226 gymnasii

56 3244 240 3292 socium
285 3247 365 3294 vel
402 3245 611 3294 amicum
653 3245 742 3292 sibi
776 3246 1001 3311 jungere.
1061 3243 1359 3304 (Nicolai
1412 3244 1700 3292 Damaso.
1752 3244 1881 3305 frag-

54 3334 203 3376 ment.
234 3328 375 3386 114.)
