2114 3642
166 235 267 281 470
621 247 1026 280 COMMENTARms
1053 246 1121 277 AD
1149 244 1232 278 378.
1262 243 1343 278 379.
1372 245 1453 279 381.
1483 245 1563 279 383.

165 376 333 442 inopia
360 378 426 426 rei
456 375 703 425 familiaris
744 373 1033 421 minervalia
1071 373 1262 422 solvere
1304 374 1593 438 nequirent,
1632 372 2003 422 honestissimae

164 459 484 509 institutionis
511 460 668 507 fructu
695 456 947 506 carituros

308 541 497 602 (Diod
517 559 594 588 or.
628 534 694 587 ‘Si
716 539 831 587 cul.
861 540 973 599 XII,
1008 540 1112 598 12.)

306 624 478 672 Rhodii
509 630 807 686 acceperunt.
834 622 1042 670 donatos
1071 624 1131 671 ab
1163 624 1380 671 Eumene
1423 623 1658 671 ducentos
1698 631 1746 671 et
1785 623 2001 685 octagies

165 708 294 754 mille
322 705 549 753 frumenti
578 704 769 753 modios
788 741 800 763 ,
842 712 895 752 ut
931 706 1143 770 pretium
1179 723 1344 754 eorum
1374 706 1422 753 in
1451 706 1650 753 foenore
1679 704 2002 763 collocarent,

165 807 317 853 eaque
358 805 501 836 usura
540 787 818 836 mercedem
868 787 1215 836 educatoribus
1255 796 1301 837 et
1341 788 1694 851 ludimagistris
1732 787 2002 835 liberorum

161 889 357 920 suorum
384 870 644 918 solverent.
687 870 935 934 (Polyb.
965 871 1151 930 XXXI,
1185 871 1262 927 17,
1292 873 1362 930 a.)

303 952 376 1002 Gf.
405 951 446 1000 O
464 952 493 999 d
511 972 536 1001 0
555 954 620 1000 fr.
651 954 698 1001 M
716 970 784 1001 ue
802 954 888 1001 lle
906 971 954 1000 r:
996 954 1156 1013 Quam
1190 972 1355 1003 euram
1385 953 1665 1019 respublica
1691 953 1821 1018 apud
1848 952 2000 1001 Grae-

160 1055 240 1085 cos
268 1043 315 1083 et
342 1036 589 1084 Romanos
631 1036 781 1084 literis
823 1036 1152 1100 doctrinisque
1194 1037 1410 1085 colendis
1451 1043 1496 1086 et
1531 1035 1879 1101 promovendis
1915 1035 2002 1082 im-

161 1118 411 1184 penderit,
454 1120 719 1183 quaeritur.
761 1118 1059 1182 (Gottingae
1095 1120 1267 1178 1837.)

942 1257 1040 1310 Ad
1069 1258 1220 1311 378.

298 1368 603 1417 Demoeedes
632 1386 807 1433 quum,
850 1369 1021 1418 relicta
1048 1369 1292 1428 Crotone,
1338 1369 1555 1433 Aeginae
1585 1369 1753 1417 sedem
1781 1385 1918 1416 suam
1948 1367 1999 1414 fi-

160 1452 335 1509 xisset,
384 1452 541 1517 primo
583 1469 712 1499 anno
754 1452 876 1500 alios
917 1469 1086 1500 omnes
1128 1453 1380 1518 superavit
1419 1453 1649 1501 medicos.
1716 1454 1890 1517 Itaque
1929 1469 2000 1498 se-

157 1536 320 1586 cundo
349 1554 480 1584 anno
510 1535 780 1599 Aeginetae
805 1537 1019 1603 *publice
1061 1555 1168 1586 enm
1210 1538 1393 1586 talento
1428 1537 1780 1586 conduxerunt.
1833 1534 2001 1582 Tertio

158 1638 288 1668 anno
335 1619 652 1669 Athenienses
695 1628 892 1668 centum
935 1621 1118 1675 minis:
1172 1630 1344 1686 quarto
1385 1640 1502 1670 vero
1543 1639 1673 1669 anno
1715 1620 2002 1685 Polycrates

157 1703 349 1753 duobus
378 1703 587 1752 talentis.
629 1704 704 1763 (H
720 1721 744 1752 e
760 1722 782 1751 r
799 1722 826 1752 0
843 1704 873 1753 d
890 1712 964 1754 ot.
993 1706 1081 1765 III,
1116 1705 1253 1764 131.)

941 1844 1040 1898 Ad
1069 1847 1221 1898 379.

297 1955 413 2003 Jam
446 1953 792 2017 leguinlatores
821 1963 936 2004 ante
966 1956 1257 2005 Charondae
1297 1963 1508 2005 aetatem
1547 1956 1750 2021 publica
1777 1953 2000 2002 mercede

159 2038 376 2087 medicos
403 2038 635 2085 sanandis
664 2040 967 2103 privatorum
995 2041 1176 2090 morbis
1206 2040 1552 2089 conducendos
1581 2057 1684 2089 esse
1715 2044 2000 2088 sanxerunt.

158 2121 451 2183 (Diodor.
496 2122 689 2171 Sicul.
734 2124 843 2182 XII,
888 2124 992 2183 13.)

941 2262 1040 2316 Ad.
1079 2264 1218 2317 381.

300 2369 623 2435 Anonymi
651 2389 885 2435 argum.
913 2373 972 2420 in
999 2375 1322 2422 Demosth.
1353 2381 1508 2422 orat.
1538 2391 1576 2422 c.
1613 2372 1998 2421 Androtion.

162 2454 287 2501 588:
329 2453 465 2502 Varii
505 2454 704 2502 fuerunt
742 2457 1058 2519 magistratus
1100 2457 1230 2522 apud
1272 2457 1626 2517 Athenienses,
1676 2474 1881 2520 quorum
1921 2455 1999 2503 alii

159 2545 312 2596 sorte,
343 2537 423 2585 alii
452 2539 715 2601 suffragio.
747 2539 826 2586 alii
855 2539 1048 2587 delectu
1077 2541 1383 2589 creabantur.
1427 2541 1593 2599 Sorte,
1624 2541 1704 2605 qui
1734 2540 1903 2588 sortito
1932 2540 1996 2587 le-

159 2619 428 2681 gebantur,
459 2628 505 2668 et
525 2621 746 2685 judiees:
787 2622 1049 2685 suffragio,
1079 2624 1159 2687 qui
1187 2625 1371 2689 populo
1400 2626 1729 2688 suffragante,
1770 2629 1823 2670 ut
1850 2623 1996 2687 inipe-

162 2709 371 2763 ratores,
411 2703 629 2763 delectu,
660 2704 737 2767 qni
769 2705 1132 2770 deligebantur,
1162 2715 1211 2754 ut
1239 2707 1451 2771 choragi.

301 2797 412 2845 Non
440 2806 586 2846 recte.
640 2799 839 2847 Nullam
868 2801 997 2847 enim
1024 2801 1355 2850 intercessisse
1386 2803 1711 2851 differentiam
1738 2803 1865 2849 inter
1885 2817 1997 2859 χει-

162 2875 466 2935 ροτονητούς
495 2889 541 2929 et
570 2879 799 2943 αἱρετούς
817 2919 827 2937 ,
871 2890 1006 2947 patet
1043 2900 1067 2931 e
1095 2884 1260 2933 verbis
1288 2885 1635 2934 Demosthenis
1676 2888 1791 2952 (pro
1819 2885 1996 2934 Coron.

163 2958 316 3016 310);
358 2961 519 3008 ἔπειθ’
561 2963 663 3024 αἱς)
682 2983 706 3008 0
728 2961 754 3010 ύ
770 2985 807 3026 μ
830 2985 848 3012 ε
868 2983 975 3020 ιός
1015 2962 1229 3023 σιτώνην
1267 2970 1326 3014 ἐκ
1368 2965 1573 3015 πάντων
1612 2972 1657 3034 γ’
1698 2968 1779 3029 ἐμὲ
1829 2970 2008 3028 exest·

162 3059 188 3103 ρ
205 3058 230 3086 0
247 3060 269 3086 τ
289 3039 314 3086 ό
335 3060 361 3087 ν
379 3063 400 3099 η
418 3059 478 3091 σε
498 3063 524 3091 ν
564 3039 589 3092 ὅ
621 3044 790 3106 δῆμος,

305 3123 380 3174 Cf.
410 3126 570 3178 Schol.
602 3131 649 3178 in
682 3131 904 3181 Aeschin.
935 3134 1153 3199 Ctesiph.
1187 3134 1262 3183 13.

936 3273 1034 3326 Ad
1067 3274 1218 3327 383.

304 3376 484 3425 Fontes
525 3379 655 3428 citati
697 3382 861 3432 ‹lie-unt
903 3385 990 3434 hos
1025 3386 1339 3450 magistratus
1366 3387 1513 3438 fuisse
1542 3389 1776 3453 suffragio
1804 3396 1994 3439 creatos
