2114 3642
559 184 967 215 COMMEN'rARms
994 183 1062 214 An
1091 182 1171 216 583.
1201 182 1279 214 585.
1309 182 1390 215 591.
1419 182 1500 214 592.
1835 169 1937 214 489

102 306 327 363 κοῦντας
366 305 592 361 mauvas—
635 304 828 353 διδόναι
872 307 973 354 τοῖν
1018 311 1393 373 πεπραγμένων.
1453 304 1711 365 Ἐξιόντος
1752 307 1799 355 δέ
1840 308 1933 355 τοῦ

101 390 339 438 ἐνιαυτοῦ
370 389 569 452 πρῶτον
595 386 695 436 ἀπὸ
725 388 827 435 τῶν
855 388 1122 447 διαιτητῶν
1164 385 1410 452 ἤρχοντο·
1444 387 1724 453 μικρότερα
1751 387 1846 456 γάρ
1876 386 1935 448 ἦν

100 469 161 519 τοὶ
192 466 275 520 ὑπ’
304 469 476 519 αὐιῶν
504 468 851 533 διοικούλιιενα.
905 474 1025 534 (Qui
1052 474 1253 539 publica
1280 476 1479 539 negotia
1507 474 1933 534 administrabant,

99 574 264 605 rerum
301 564 552 619 gestarum
592 556 805 604 rationes
832 556 1078 605 debebant
1104 557 1324 605 reddere.
1378 558 1604 607 Exeunte
1631 556 1780 621 igitur
1807 574 1937 605 anno

98 641 310 706 primum
349 642 410 689 ab
452 639 642 687 arbitris
682 639 1011 704 incipiebaut3
1051 640 1113 688 ab
1153 639 1249 687 illis
1290 641 1420 688 enim
1460 639 1659 688 minoris
1699 640 1933 688 momenti

98 741 174 772 res
201 723 712 781 administrabantur.)

239 807 350 855 Hoc
379 814 543 853 autem
568 805 618 852 in
645 805 896 869 logisterio
928 805 1087 853 fiebat.
1136 804 1288 864 (Vide
1318 802 1359 869 ς’.
1391 805 1533 865 276.)

238 902 350 949 Non
375 900 526 964 igitur
554 900 853 949 credendum
882 900 1196 964 Aristophani
1226 900 1433 957 comico,
1477 900 1603 948 solos
1622 900 1815 964 judices
1842 901 1930 948 im-

95 1001 266 1032 munes
292 984 440 1032 fuisse
467 984 749 1032 reddendae
778 983 994 1031 rationis.
1024 984 1125 1028 Kal
1154 980 1296 1028 ταῦτ’
1325 977 1683 1028 ἀνυπεύθυνοι
1710 979 1933 1044 δρῶμεν·

93 1064 197 1113 τῶν
223 1062 268 1112 δ’
295 1059 466 1113 ἄλλων
492 1061 690 1128 οὐδεμί’
718 1062 847 1129 ἀρχή
876 1065 1104 1131 (Vespae
1133 1066 1274 1126 587).

878 1216 977 1270 Ad
1006 1218 1158 1270 583.

236 1328 411 1377 Suidas
451 1347 487 1377 s.
515 1347 561 1376 v.
600 1323 735 1373 κατὰ
767 1324 953 1388 δήμους
982 1324 1252 1373 δικασταί.·
1291 1327 1492 1376 Judices
1532 1329 1744 1393 pagani,
1793 1329 1932 1376 initio

93 1421 232 1460 erant
259 1429 460 1460 numero
489 1412 717 1476 triginta,
759 1411 840 1475 qui
869 1409 1092 1475 singulos
1119 1427 1275 1475 pagos
1302 1411 1541 1459 obeuntes
1560 1412 1644 1476 jus
1674 1411 1934 1471 dicebant,

92 1502 264 1559 postea
290 1512 408 1544 vero
436 1496 633 1543 fuerunt
660 1494 1001 1558 quadraginta.

235 1579 412 1627 Pollux
454 1578 590 1637 VIII,
616 1570 749 1625 χ10οῑ
789 1576 1131 1640 Quadraginta
1157 1577 1363 1642 primum
1392 1578 1620 1641 Triginta
1648 1578 1737 1626 soli
1767 1584 1933 1637 erant3

90 1660 172 1710 sed
200 1670 312 1727 post
339 1661 527 1710 deletos
554 1661 757 1724 triginta
783 1669 1048 1725 tyrannos,
1091 1660 1203 1708 odio
1230 1661 1418 1708 numeri
1455 1661 1684 1724 triginta,
1726 1660 1931 1724 quadra-

91 1745 228 1808 ginta
254 1746 387 1793 viros
414 1752 653 1792 crearunt.

868 1810 968 1862 Ad
1002 1811 1153 1864 585.

233 1920 494 1970 Ordinaria
518 1921 782 1969 tribunalia
816 1929 980 1969 tamen
1012 1922 1096 1986 jus
1136 1922 1386 1971 habebant
1426 1939 1535 1977 eos,
1580 1923 1661 1986 qui
1688 1923 1749 1970 ab
1777 1922 1927 1972 Areo-

89 2021 248 2069 pagO,
291 2012 497 2070 excepta
522 2005 657 2053 necis
697 2021 870 2061 causa,
912 2003 1127 2053 damnati
1169 2005 1402 2060 fuissent,
1443 2004 1748 2054 absolvendi.
1802 2006 1930 2054 Vide

88 2087 385 2136 Platneri
428 2087 633 2136 Process
661 2104 705 2135 u.
735 2088 950 2148 Klagcn,
991 2106 1037 2152 p.
1065 2087 1144 2135 31.

233 2337 518 2386 Vocabatur
557 2338 704 2386 etiam
744 2331 996 2393 ἐπάλξεις,
1036 2338 1305 2387 secundum
1340 2339 1454 2387 Lex.
1484 2339 1686 2403 Seguer.
1717 2358 1763 2404 p.
1793 2339 1926 2386 243:

82 2415 344 2476 Ἐπάλξεις
373 2458 382 2468 .
414 2458 421 2465 .
453 2458 461 2466 .
491 2459 500 2469 .
532 2416 861 2481 δικαστήριον
899 2418 1001 2466 τῶν
1039 2418 1305 2480 φονικῶν,
1349 2417 1673 2483 ᾠκοδόμηται
1715 2420 1762 2469 δὲ
1805 2417 1926 2481 πρὸς

86 2501 158 2565 τῴ
185 2504 505 2565 Πρυτανείῳ.
558 2503 829 2562 (Tribunal
868 2521 1123 2552 causarum
1159 2505 1465 2570 capitalium,
1506 2513 1578 2553 est
1605 2512 1769 2553 autem
1795 2505 1924 2553 aedi-

86 2588 287 2635 ficatum
314 2602 468 2650 penes
496 2586 841 2650 prytaneum.)

866 2701 964 2754 Ad
993 2703 1144 2754 592.

228 2812 463 2860 Pollux
492 2809 629 2869 VIII,
661 2810 780 2858 120:
812 2811 928 2860 Erat
954 2812 1048 2860 hoc
1068 2812 1308 2877 judicium
1337 2814 1385 2860 in
1414 2814 1548 2871 mari,
1579 2821 1626 2861 et
1653 2831 1788 2862 reum
1819 2816 1922 2880 qui-

87 2895 196 2944 dem
223 2894 627 2957 adnavigantem,
668 2911 769 2941 non
797 2902 961 2942 tamen
990 2902 1170 2943 terram
1198 2903 1505 2958 tangentem,
1547 2914 1575 2944 a
1604 2914 1728 2946 nave
1757 2898 1921 2947 defen-

87 2977 271 3026 sionem
302 2977 374 3026 sui
403 2977 563 3025 dicere
592 2977 878 3041 oportebat,
921 2996 1077 3042 neque
1113 2980 1297 3027 scalam
1324 2997 1481 3043 neque
1509 2997 1737 3028 ancoram
1765 2989 1922 3030 terrae

86 3060 401 3125 injicientem.

227 3143 336 3192 Hoc
367 3144 609 3209 judicium
646 3146 915 3193 vocabatur
956 3145 1103 3193 etiam
1130 3147 1185 3191 ἐν
1211 3147 1309 3207 Ζέᾳ
1339 3146 1456 3195 Lex.
1485 3145 1686 3212 Seguer.
1727 3167 1772 3213 p.
1806 3147 1920 3194 311.

229 3224 301 3274 Cf.
329 3226 537 3276 Pausan.
566 3227 602 3286 I,
633 3226 714 3286 28,
748 3227 824 3276 11.
