<?xml version="1.0" encoding="UTF-8"?>
<!DOCTYPE html PUBLIC "-//W3C//DTD XHTML 1.0 Transitional//EN"
    "http://www.w3.org/TR/xhtml1/DTD/xhtml1-transitional.dtd">
<html xmlns="http://www.w3.org/1999/xhtml" xml:lang="en" lang="en">
 <head>
  <title>
</title>
<meta http-equiv="Content-Type" content="text/html;charset=utf-8" />
  <meta name='ocr-system' content='tesseract 3.04.00' />
  <meta name='ocr-capabilities' content='ocr_page ocr_carea ocr_par ocr_line ocrx_word'/>
</head>
<body>
  <div class='ocr_page' id='page_1' title='image "./synaggtnattiknno00tluoft_0531.png"; bbox 0 0 2114 3642; ppageno 0'>
   <div class='ocr_carea' id='block_1_1' title="bbox 533 250 1904 296">
    <p class='ocr_par' dir='ltr' id='par_1_1' title="bbox 533 250 1904 296">
     <span class='ocr_line' id='line_1_1' title="bbox 533 250 1904 296; baseline 0.002 -4"><span class='ocrx_word' id='word_1_1' title='bbox 533 263 938 295; x_wconf 48' lang='grc' dir='ltr'>(ὉΜΜΕᾸΤΑΒιω</span> <span class='ocrx_word' id='word_1_2' title='bbox 983 264 1038 294; x_wconf 75' lang='lat' dir='ltr'>m</span> <span class='ocrx_word' id='word_1_3' title='bbox 1067 263 1147 296; x_wconf 69' lang='lat'>683.</span> <span class='ocrx_word' id='word_1_4' title='bbox 1177 263 1257 296; x_wconf 55' lang='lat'>659.</span> <span class='ocrx_word' id='word_1_5' title='bbox 1287 261 1368 295; x_wconf 85' lang='lat'>690.</span> <span class='ocrx_word' id='word_1_6' title='bbox 1396 261 1477 295; x_wconf 82' lang='lat'>693.</span> <span class='ocrx_word' id='word_1_7' title='bbox 1805 250 1904 295; x_wconf 84' lang='lat'>505</span> 
     </span>
    </p>
   </div>
   <div class='ocr_carea' id='block_1_2' title="bbox 67 389 1904 525">
    <p class='ocr_par' dir='ltr' id='par_1_2' title="bbox 67 389 1904 525">
     <span class='ocr_line' id='line_1_2' title="bbox 67 389 1904 454; baseline 0 -15"><span class='ocrx_word' id='word_1_8' title='bbox 67 391 277 454; x_wconf 84' lang='lat' dir='ltr'>aliquem</span> <span class='ocrx_word' id='word_1_9' title='bbox 306 398 482 439; x_wconf 88' lang='lat' dir='ltr'>testem</span> <span class='ocrx_word' id='word_1_10' title='bbox 509 390 767 449; x_wconf 86' lang='lat' dir='ltr'>excitavit,</span> <span class='ocrx_word' id='word_1_11' title='bbox 809 389 937 439; x_wconf 90' lang='lat' dir='ltr'>dicto</span> <span class='ocrx_word' id='word_1_12' title='bbox 966 390 1247 439; x_wconf 85' lang='lat' dir='ltr'>testimonio</span> <span class='ocrx_word' id='word_1_13' title='bbox 1275 390 1569 439; x_wconf 74' lang='lat' dir='ltr'>sententiam</span> <span class='ocrx_word' id='word_1_14' title='bbox 1598 406 1655 437; x_wconf 88' lang='lat' dir='ltr'>ea</span> <span class='ocrx_word' id='word_1_15' title='bbox 1679 390 1729 436; x_wconf 88' lang='lat' dir='ltr'>in</span> <span class='ocrx_word' id='word_1_16' title='bbox 1757 407 1904 439; x_wconf 79' lang='lat' dir='ltr'>causa</span> 
     </span>
     <span class='ocr_line' id='line_1_3' title="bbox 67 475 298 525; baseline -0.009 -2"><span class='ocrx_word' id='word_1_17' title='bbox 67 492 130 524; x_wconf 88' lang='lat' dir='ltr'>ne</span> <span class='ocrx_word' id='word_1_18' title='bbox 157 475 298 525; x_wconf 79' lang='lat' dir='ltr'>ferto.</span> 
     </span>
    </p>
   </div>
   <div class='ocr_carea' id='block_1_3' title="bbox 847 540 1125 594">
    <p class='ocr_par' dir='ltr' id='par_1_3' title="bbox 847 540 1125 594">
     <span class='ocr_line' id='line_1_4' title="bbox 847 540 1125 594; baseline 0 0"><span class='ocrx_word' id='word_1_19' title='bbox 847 540 946 594; x_wconf 81' lang='lat' dir='ltr'>Ad</span> <span class='ocrx_word' id='word_1_20' title='bbox 974 542 1125 594; x_wconf 79' lang='lat'><strong>683.</strong></span> 
     </span>
    </p>
   </div>
   <div class='ocr_carea' id='block_1_4' title="bbox 65 649 1909 968">
    <p class='ocr_par' dir='ltr' id='par_1_4' title="bbox 65 649 1909 968">
     <span class='ocr_line' id='line_1_5' title="bbox 211 649 1906 720; baseline -0.002 -17"><span class='ocrx_word' id='word_1_21' title='bbox 211 654 399 720; x_wconf 81' lang='lat' dir='ltr'>Legem</span> <span class='ocrx_word' id='word_1_22' title='bbox 426 653 680 719; x_wconf 88' lang='lat' dir='ltr'>composui</span> <span class='ocrx_word' id='word_1_23' title='bbox 708 670 768 702; x_wconf 80' lang='lat' dir='ltr'>ex</span> <span class='ocrx_word' id='word_1_24' title='bbox 794 653 868 702; x_wconf 87' lang='lat' dir='ltr'>his</span> <span class='ocrx_word' id='word_1_25' title='bbox 898 654 1104 703; x_wconf 87' lang='lat' dir='ltr'>oratoris</span> <span class='ocrx_word' id='word_1_26' title='bbox 1131 654 1321 703; x_wconf 79' lang='lat' dir='ltr'>verbis:</span> <span class='ocrx_word' id='word_1_27' title='bbox 1351 649 1412 700; x_wconf 81' lang='grc' dir='ltr'><em>οὐ</em></span> <span class='ocrx_word' id='word_1_28' title='bbox 1443 649 1539 719; x_wconf 74' lang='grc' dir='ltr'><em>γὰρ</em></span> <span class='ocrx_word' id='word_1_29' title='bbox 1565 650 1712 701; x_wconf 76' lang='grc' dir='ltr'><em>ἐῶσιν</em></span> <span class='ocrx_word' id='word_1_30' title='bbox 1741 649 1906 699; x_wconf 82' lang='grc' dir='ltr'><em>αὐτὸν</em></span> 
     </span>
     <span class='ocr_line' id='line_1_6' title="bbox 70 729 1906 800; baseline -0.002 -15"><span class='ocrx_word' id='word_1_31' title='bbox 70 738 117 785; x_wconf 81' lang='grc' dir='ltr'><em>οὶ</em></span> <span class='ocrx_word' id='word_1_32' title='bbox 158 735 306 800; x_wconf 84' lang='grc' dir='ltr'><em>νόμοι</em></span> <span class='ocrx_word' id='word_1_33' title='bbox 340 741 641 800; x_wconf 78' lang='grc' dir='ltr'><em>μαρτυρεῖν·</em></span> <span class='ocrx_word' id='word_1_34' title='bbox 685 731 766 783; x_wconf 83' lang='grc' dir='ltr'>ὅτε</span> <span class='ocrx_word' id='word_1_35' title='bbox 798 775 806 783; x_wconf 91' lang='grc'><strong>.</strong></span> <span class='ocrx_word' id='word_1_36' title='bbox 839 775 846 783; x_wconf 95' lang='grc'><strong>.</strong></span> <span class='ocrx_word' id='word_1_37' title='bbox 877 775 886 786; x_wconf 94' lang='grc'><strong><em>.</em></strong></span> <span class='ocrx_word' id='word_1_38' title='bbox 917 775 924 783; x_wconf 93' lang='grc'><strong><em>.</em></strong></span> <span class='ocrx_word' id='word_1_39' title='bbox 955 739 1009 784; x_wconf 75' lang='grc' dir='ltr'>ἐν</span> <span class='ocrx_word' id='word_1_40' title='bbox 1043 735 1114 799; x_wconf 72' lang='grc' dir='ltr'>τῷ</span> <span class='ocrx_word' id='word_1_41' title='bbox 1155 733 1461 800; x_wconf 76' lang='grc' dir='ltr'><em>δικαστηρίῳ</em></span> <span class='ocrx_word' id='word_1_42' title='bbox 1505 732 1603 794; x_wconf 71' lang='grc' dir='ltr'><em>ἥλω</em></span> <span class='ocrx_word' id='word_1_43' title='bbox 1642 738 1734 783; x_wconf 80' lang='grc' dir='ltr'>καί</span> <span class='ocrx_word' id='word_1_44' title='bbox 1774 729 1906 793; x_wconf 83' lang='grc' dir='ltr'><em>ἦτι-</em></span> 
     </span>
     <span class='ocr_line' id='line_1_7' title="bbox 65 818 1909 886; baseline 0.002 -19"><span class='ocrx_word' id='word_1_45' title='bbox 65 818 156 883; x_wconf 85' lang='grc' dir='ltr'><em>μώ</em></span> <span class='ocrx_word' id='word_1_46' title='bbox 175 825 212 868; x_wconf 74' lang='grc' dir='ltr'><em>θ</em></span> <span class='ocrx_word' id='word_1_47' title='bbox 229 841 266 878; x_wconf 87' lang='grc' dir='ltr'>η.</span> <span class='ocrx_word' id='word_1_48' title='bbox 309 822 450 882; x_wconf 84' lang='lat' dir='ltr'>(Non</span> <span class='ocrx_word' id='word_1_49' title='bbox 479 821 609 870; x_wconf 87' lang='lat' dir='ltr'>enim</span> <span class='ocrx_word' id='word_1_50' title='bbox 635 821 801 869; x_wconf 88' lang='lat' dir='ltr'>sinunt</span> <span class='ocrx_word' id='word_1_51' title='bbox 828 821 966 886; x_wconf 86' lang='lat' dir='ltr'>leges</span> <span class='ocrx_word' id='word_1_52' title='bbox 994 838 1105 870; x_wconf 90' lang='lat' dir='ltr'>eum</span> <span class='ocrx_word' id='word_1_53' title='bbox 1131 820 1466 870; x_wconf 89' lang='lat' dir='ltr'>testimonium</span> <span class='ocrx_word' id='word_1_54' title='bbox 1493 821 1652 870; x_wconf 78' lang='lat' dir='ltr'>dicere</span> <span class='ocrx_word' id='word_1_55' title='bbox 1681 859 1690 870; x_wconf 93' lang='lat'><strong>.</strong></span> <span class='ocrx_word' id='word_1_56' title='bbox 1720 860 1728 870; x_wconf 94' lang='lat'>.</span> <span class='ocrx_word' id='word_1_57' title='bbox 1758 859 1766 869; x_wconf 94' lang='lat'>.</span> <span class='ocrx_word' id='word_1_58' title='bbox 1795 821 1909 886; x_wconf 79' lang='lat' dir='ltr'>quia</span> 
     </span>
     <span class='ocr_line' id='line_1_8' title="bbox 69 903 1375 968; baseline -0.001 -14"><span class='ocrx_word' id='word_1_59' title='bbox 69 907 117 955; x_wconf 89' lang='lat' dir='ltr'>in</span> <span class='ocrx_word' id='word_1_60' title='bbox 138 905 321 968; x_wconf 77' lang='lat' dir='ltr'>Judicio</span> <span class='ocrx_word' id='word_1_61' title='bbox 349 904 609 953; x_wconf 85' lang='lat' dir='ltr'>damnatus</span> <span class='ocrx_word' id='word_1_62' title='bbox 634 903 1006 968; x_wconf 78' lang='lat' dir='ltr'>ignominiaque</span> <span class='ocrx_word' id='word_1_63' title='bbox 1034 911 1233 953; x_wconf 86' lang='lat' dir='ltr'>notatus</span> <span class='ocrx_word' id='word_1_64' title='bbox 1260 905 1375 964; x_wconf 84' lang='lat' dir='ltr'>est.)</span> 
     </span>
    </p>
   </div>
   <div class='ocr_carea' id='block_1_5' title="bbox 212 1044 1910 1220">
    <p class='ocr_par' dir='ltr' id='par_1_5' title="bbox 212 1044 1910 1220">
     <span class='ocr_line' id='line_1_9' title="bbox 850 1044 1132 1098; baseline 0 -1"><span class='ocrx_word' id='word_1_65' title='bbox 850 1044 950 1097; x_wconf 84' lang='lat' dir='ltr'>Ad</span> <span class='ocrx_word' id='word_1_66' title='bbox 981 1045 1132 1098; x_wconf 79' lang='grc'>689.</span> 
     </span>
     <span class='ocr_line' id='line_1_10' title="bbox 212 1146 1910 1220; baseline -0.002 -17"><span class='ocrx_word' id='word_1_67' title='bbox 212 1153 376 1205; x_wconf 87' lang='lat' dir='ltr'>Schol.</span> <span class='ocrx_word' id='word_1_68' title='bbox 403 1155 454 1203; x_wconf 87' lang='lat' dir='ltr'>in</span> <span class='ocrx_word' id='word_1_69' title='bbox 482 1154 709 1205; x_wconf 87' lang='lat' dir='ltr'>Aeschin.</span> <span class='ocrx_word' id='word_1_70' title='bbox 738 1153 842 1204; x_wconf 82' lang='lat' dir='ltr'>fals.</span> <span class='ocrx_word' id='word_1_71' title='bbox 883 1155 1029 1220; x_wconf 88' lang='lat' dir='ltr'>legat.</span> <span class='ocrx_word' id='word_1_72' title='bbox 1063 1154 1154 1203; x_wconf 88' lang='lat'>19:</span> <span class='ocrx_word' id='word_1_73' title='bbox 1185 1146 1263 1200; x_wconf 83' lang='lat' dir='ltr'>‘H</span> <span class='ocrx_word' id='word_1_74' title='bbox 1284 1150 1376 1200; x_wconf 79' lang='grc' dir='ltr'>τοῦ</span> <span class='ocrx_word' id='word_1_75' title='bbox 1407 1149 1477 1215; x_wconf 80' lang='grc' dir='ltr'><em>μὴ</em></span> <span class='ocrx_word' id='word_1_76' title='bbox 1506 1150 1754 1215; x_wconf 79' lang='grc' dir='ltr'><em>παρόντος</em></span> <span class='ocrx_word' id='word_1_77' title='bbox 1774 1172 1910 1215; x_wconf 83' lang='grc' dir='ltr'><em>μαρ-</em></span> 
     </span>
    </p>
   </div>
   <div class='ocr_carea' id='block_1_6' title="bbox 65 1232 1914 1799">
    <p class='ocr_par' dir='ltr' id='par_1_6' title="bbox 65 1232 1914 1799">
     <span class='ocr_line' id='line_1_11' title="bbox 70 1232 1908 1302; baseline -0.001 -17"><span class='ocrx_word' id='word_1_78' title='bbox 70 1237 217 1300; x_wconf 86' lang='grc' dir='ltr'><em>τυρία</em></span> <span class='ocrx_word' id='word_1_79' title='bbox 244 1239 473 1285; x_wconf 85' lang='grc' dir='ltr'><em>καλεῖται</em></span> <span class='ocrx_word' id='word_1_80' title='bbox 501 1239 840 1300; x_wconf 73' lang='grc' dir='ltr'><em>ἑκμαρτυρία·</em></span> <span class='ocrx_word' id='word_1_81' title='bbox 880 1236 981 1284; x_wconf 75' lang='grc' dir='ltr'>τῶν</span> <span class='ocrx_word' id='word_1_82' title='bbox 1009 1232 1415 1299; x_wconf 77' lang='grc' dir='ltr'><em>ἀποδημούντων</em></span> <span class='ocrx_word' id='word_1_83' title='bbox 1453 1232 1550 1302; x_wconf 74' lang='grc' dir='ltr'><em>γάρ</em></span> <span class='ocrx_word' id='word_1_84' title='bbox 1591 1239 1682 1284; x_wconf 84' lang='grc' dir='ltr'>καὶ</span> <span class='ocrx_word' id='word_1_85' title='bbox 1715 1235 1817 1284; x_wconf 76' lang='grc' dir='ltr'>τῶν</span> <span class='ocrx_word' id='word_1_86' title='bbox 1838 1233 1908 1299; x_wconf 71' lang='grc' dir='ltr'><em>μή</em></span> 
     </span>
     <span class='ocr_line' id='line_1_12' title="bbox 72 1315 1911 1384; baseline -0.001 -16"><span class='ocrx_word' id='word_1_87' title='bbox 72 1319 370 1384; x_wconf 78' lang='grc' dir='ltr'><em>δυναμένων</em></span> <span class='ocrx_word' id='word_1_88' title='bbox 394 1324 570 1369; x_wconf 72' lang='grc' dir='ltr'><em>ἐλθεῖν</em></span> <span class='ocrx_word' id='word_1_89' title='bbox 596 1323 665 1376; x_wconf 83' lang='grc' dir='ltr'>εἰς</span> <span class='ocrx_word' id='word_1_90' title='bbox 691 1318 750 1368; x_wconf 87' lang='grc' dir='ltr'>τὸ</span> <span class='ocrx_word' id='word_1_91' title='bbox 779 1317 1106 1382; x_wconf 84' lang='grc' dir='ltr'><em>δικαστήριον</em></span> <span class='ocrx_word' id='word_1_92' title='bbox 1131 1322 1221 1367; x_wconf 81' lang='grc' dir='ltr'>καί</span> <span class='ocrx_word' id='word_1_93' title='bbox 1247 1317 1336 1375; x_wconf 72' lang='grc' dir='ltr'>τάς</span> <span class='ocrx_word' id='word_1_94' title='bbox 1362 1318 1466 1368; x_wconf 70' lang='grc' dir='ltr'><em>τῶν</em></span> <span class='ocrx_word' id='word_1_95' title='bbox 1486 1315 1911 1378; x_wconf 76' lang='grc' dir='ltr'><em>τετελευτηκότων</em></span> 
     </span>
     <span class='ocr_line' id='line_1_13' title="bbox 65 1400 1912 1472; baseline -0.002 -20"><span class='ocrx_word' id='word_1_96' title='bbox 65 1406 344 1468; x_wconf 82' lang='grc' dir='ltr'><em>μαρτυρίας</em></span> <span class='ocrx_word' id='word_1_97' title='bbox 385 1408 444 1453; x_wconf 77' lang='grc' dir='ltr'><em>ἐκ</em></span> <span class='ocrx_word' id='word_1_98' title='bbox 470 1406 833 1472; x_wconf 75' lang='grc' dir='ltr'><em>γραμματείων</em></span> <span class='ocrx_word' id='word_1_99' title='bbox 872 1400 1257 1470; x_wconf 75' lang='grc' dir='ltr'><em>ἀνεγίνωσκον,</em></span> <span class='ocrx_word' id='word_1_100' title='bbox 1299 1403 1358 1451; x_wconf 75' lang='grc' dir='ltr'><em>αἳ</em></span> <span class='ocrx_word' id='word_1_101' title='bbox 1393 1403 1682 1451; x_wconf 73' lang='grc' dir='ltr'><em>ἐκαλοῦντο</em></span> <span class='ocrx_word' id='word_1_102' title='bbox 1721 1406 1912 1465; x_wconf 78' lang='grc' dir='ltr'><em>ἐκμαρ-</em></span> 
     </span>
     <span class='ocr_line' id='line_1_14' title="bbox 71 1487 1914 1552; baseline 0 -16"><span class='ocrx_word' id='word_1_103' title='bbox 71 1489 252 1552; x_wconf 82' lang='grc' dir='ltr'><em>τυρίαι.</em></span> <span class='ocrx_word' id='word_1_104' title='bbox 318 1489 592 1550; x_wconf 84' lang='lat' dir='ltr'>(Absentis</span> <span class='ocrx_word' id='word_1_105' title='bbox 633 1489 967 1538; x_wconf 86' lang='lat' dir='ltr'>testimonium</span> <span class='ocrx_word' id='word_1_106' title='bbox 1008 1495 1211 1538; x_wconf 85' lang='lat' dir='ltr'>vocatur</span> <span class='ocrx_word' id='word_1_107' title='bbox 1251 1488 1554 1538; x_wconf 81' lang='lat' dir='ltr'>contestatio.</span> <span class='ocrx_word' id='word_1_108' title='bbox 1607 1487 1914 1537; x_wconf 88' lang='lat' dir='ltr'>Testimonia</span> 
     </span>
     <span class='ocr_line' id='line_1_15' title="bbox 72 1571 1914 1639; baseline -0.002 -16"><span class='ocrx_word' id='word_1_109' title='bbox 72 1574 199 1623; x_wconf 89' lang='lat' dir='ltr'>enim</span> <span class='ocrx_word' id='word_1_110' title='bbox 225 1590 431 1639; x_wconf 85' lang='lat' dir='ltr'>peregre</span> <span class='ocrx_word' id='word_1_111' title='bbox 459 1573 898 1639; x_wconf 85' lang='lat' dir='ltr'>proficiscentium,</span> <span class='ocrx_word' id='word_1_112' title='bbox 927 1572 1006 1621; x_wconf 86' lang='lat' dir='ltr'>vel</span> <span class='ocrx_word' id='word_1_113' title='bbox 1035 1590 1201 1621; x_wconf 85' lang='lat' dir='ltr'>coram</span> <span class='ocrx_word' id='word_1_114' title='bbox 1221 1571 1472 1636; x_wconf 87' lang='lat' dir='ltr'>judicibus</span> <span class='ocrx_word' id='word_1_115' title='bbox 1500 1589 1786 1637; x_wconf 83' lang='lat' dir='ltr'>comparere</span> <span class='ocrx_word' id='word_1_116' title='bbox 1813 1588 1914 1619; x_wconf 86' lang='lat' dir='ltr'>non</span> 
     </span>
     <span class='ocr_line' id='line_1_16' title="bbox 71 1656 1912 1722; baseline -0.002 -16"><span class='ocrx_word' id='word_1_117' title='bbox 71 1657 365 1718; x_wconf 86' lang='lat' dir='ltr'>valentium,</span> <span class='ocrx_word' id='word_1_118' title='bbox 407 1658 486 1706; x_wconf 88' lang='lat' dir='ltr'>vel</span> <span class='ocrx_word' id='word_1_119' title='bbox 524 1656 830 1706; x_wconf 84' lang='lat' dir='ltr'>mortuorum</span> <span class='ocrx_word' id='word_1_120' title='bbox 870 1674 894 1705; x_wconf 88' lang='lat' dir='ltr'>e</span> <span class='ocrx_word' id='word_1_121' title='bbox 935 1656 1127 1722; x_wconf 87' lang='lat' dir='ltr'>scriptis</span> <span class='ocrx_word' id='word_1_122' title='bbox 1155 1656 1337 1705; x_wconf 85' lang='lat' dir='ltr'>tabulis</span> <span class='ocrx_word' id='word_1_123' title='bbox 1364 1656 1745 1721; x_wconf 86' lang='lat' dir='ltr'>praelegebant,</span> <span class='ocrx_word' id='word_1_124' title='bbox 1787 1672 1912 1719; x_wconf 87' lang='lat' dir='ltr'>quae</span> 
     </span>
     <span class='ocr_line' id='line_1_17' title="bbox 71 1740 828 1799; baseline 0 -11"><span class='ocrx_word' id='word_1_125' title='bbox 71 1741 456 1790; x_wconf 80' lang='lat' dir='ltr'>contestationes</span> <span class='ocrx_word' id='word_1_126' title='bbox 483 1740 828 1799; x_wconf 84' lang='lat' dir='ltr'>vocabantur.)</span> 
     </span>
    </p>
   </div>
   <div class='ocr_carea' id='block_1_7' title="bbox 854 1878 1133 1933">
    <p class='ocr_par' dir='ltr' id='par_1_7' title="bbox 854 1878 1133 1933">
     <span class='ocr_line' id='line_1_18' title="bbox 854 1878 1133 1933; baseline 0.007 -2"><span class='ocrx_word' id='word_1_127' title='bbox 854 1878 953 1931; x_wconf 79' lang='lat' dir='ltr'>Ad</span> <span class='ocrx_word' id='word_1_128' title='bbox 981 1879 1133 1933; x_wconf 76' lang='lat'>690.</span> 
     </span>
    </p>
   </div>
   <div class='ocr_carea' id='block_1_8' title="bbox 74 1983 1917 2217">
    <p class='ocr_par' dir='ltr' id='par_1_8' title="bbox 74 1983 1917 2217">
     <span class='ocr_line' id='line_1_19' title="bbox 218 1983 1914 2056; baseline -0.002 -19"><span class='ocrx_word' id='word_1_129' title='bbox 218 1989 454 2056; x_wconf 84' lang='lat' dir='ltr'>Polybius</span> <span class='ocrx_word' id='word_1_130' title='bbox 481 1991 591 2047; x_wconf 66' lang='lat' dir='ltr'>XII,</span> <span class='ocrx_word' id='word_1_131' title='bbox 621 1990 702 2051; x_wconf 81' lang='lat'>27,</span> <span class='ocrx_word' id='word_1_132' title='bbox 735 1990 790 2038; x_wconf 92' lang='lat'>1:</span> <span class='ocrx_word' id='word_1_133' title='bbox 829 1985 964 2034; x_wconf 80' lang='grc' dir='ltr'><em>κατα</em></span> <span class='ocrx_word' id='word_1_134' title='bbox 991 1983 1474 2051; x_wconf 65' lang='grc' dir='ltr'><em>τόι’“Ηράκ).ειτον·</em></span> <span class='ocrx_word' id='word_1_135' title='bbox 1512 1984 1784 2049; x_wconf 71' lang='grc' dir='ltr'><em>ὀφθαλμοί</em></span> <span class='ocrx_word' id='word_1_136' title='bbox 1815 1986 1914 2034; x_wconf 74' lang='grc' dir='ltr'>τῶν</span> 
     </span>
     <span class='ocr_line' id='line_1_20' title="bbox 75 2067 1917 2136; baseline 0 -17"><span class='ocrx_word' id='word_1_137' title='bbox 75 2067 218 2120; x_wconf 69' lang='grc' dir='ltr'><em>ὤτων</em></span> <span class='ocrx_word' id='word_1_138' title='bbox 256 2069 601 2136; x_wconf 68' lang='grc' dir='ltr'><em>ἀκριβέστεροι</em></span> <span class='ocrx_word' id='word_1_139' title='bbox 635 2070 897 2135; x_wconf 63' lang='grc' dir='ltr'><em>μάρτυρες.</em></span> <span class='ocrx_word' id='word_1_140' title='bbox 941 2071 1251 2133; x_wconf 84' lang='lat' dir='ltr'>(Secundum</span> <span class='ocrx_word' id='word_1_141' title='bbox 1290 2071 1597 2121; x_wconf 81' lang='lat' dir='ltr'>Heraclitum</span> <span class='ocrx_word' id='word_1_142' title='bbox 1637 2072 1764 2120; x_wconf 88' lang='lat' dir='ltr'>oculi</span> <span class='ocrx_word' id='word_1_143' title='bbox 1803 2079 1917 2119; x_wconf 87' lang='lat' dir='ltr'>sunt</span> 
     </span>
     <span class='ocr_line' id='line_1_21' title="bbox 74 2157 751 2217; baseline -0.003 -11"><span class='ocrx_word' id='word_1_144' title='bbox 74 2166 222 2207; x_wconf 89' lang='lat' dir='ltr'>testes</span> <span class='ocrx_word' id='word_1_145' title='bbox 250 2158 481 2207; x_wconf 86' lang='lat' dir='ltr'>certiores</span> <span class='ocrx_word' id='word_1_146' title='bbox 510 2157 751 2217; x_wconf 84' lang='lat' dir='ltr'>auribus.)</span> 
     </span>
    </p>
   </div>
   <div class='ocr_carea' id='block_1_9' title="bbox 855 2259 1136 2312">
    <p class='ocr_par' dir='ltr' id='par_1_9' title="bbox 855 2259 1136 2312">
     <span class='ocr_line' id='line_1_22' title="bbox 855 2259 1136 2312; baseline 0 0"><span class='ocrx_word' id='word_1_147' title='bbox 855 2259 955 2312; x_wconf 82' lang='lat' dir='ltr'>Ad</span> <span class='ocrx_word' id='word_1_148' title='bbox 983 2260 1136 2312; x_wconf 74' lang='lat'>693.</span> 
     </span>
    </p>
   </div>
   <div class='ocr_carea' id='block_1_10' title="bbox 71 2371 1922 3368">
    <p class='ocr_par' dir='ltr' id='par_1_10' title="bbox 611 2371 1383 2436">
     <span class='ocr_line' id='line_1_23' title="bbox 611 2371 1383 2436; baseline -0.003 -16"><span class='ocrx_word' id='word_1_149' title='bbox 611 2371 959 2436; x_wconf 83' lang='lat' dir='ltr'>Exemplar</span> <span class='ocrx_word' id='word_1_150' title='bbox 996 2371 1383 2419; x_wconf 89' lang='lat' dir='ltr'>testimonii.</span> 
     </span>
    </p>

    <p class='ocr_par' dir='ltr' id='par_1_11' title="bbox 71 2461 1922 3368">
     <span class='ocr_line' id='line_1_24' title="bbox 216 2461 1916 2530; baseline -0.004 -15"><span class='ocrx_word' id='word_1_151' title='bbox 216 2467 472 2516; x_wconf 84' lang='lat' dir='ltr'>Demosth.</span> <span class='ocrx_word' id='word_1_152' title='bbox 501 2467 550 2514; x_wconf 85' lang='lat' dir='ltr'>in</span> <span class='ocrx_word' id='word_1_153' title='bbox 579 2466 795 2515; x_wconf 81' lang='lat' dir='ltr'>Midiam.</span> <span class='ocrx_word' id='word_1_154' title='bbox 825 2466 955 2513; x_wconf 72' lang='lat'>540:</span> <span class='ocrx_word' id='word_1_155' title='bbox 996 2466 1346 2522; x_wconf 67' lang='grc' dir='ltr'><em>Καλλισθένης</em></span> <span class='ocrx_word' id='word_1_156' title='bbox 1373 2462 1658 2525; x_wconf 70' lang='grc' dir='ltr'><em>Σφήττιος,</em></span> <span class='ocrx_word' id='word_1_157' title='bbox 1700 2461 1916 2530; x_wconf 78' lang='grc' dir='ltr'><em>Διόγνη-</em></span> 
     </span>
     <span class='ocr_line' id='line_1_25' title="bbox 76 2539 1917 2611; baseline -0.003 -13"><span class='ocrx_word' id='word_1_158' title='bbox 76 2570 160 2605; x_wconf 91' lang='grc' dir='ltr'>τος</span> <span class='ocrx_word' id='word_1_159' title='bbox 205 2550 469 2611; x_wconf 79' lang='grc' dir='ltr'><em>Θορίκιος,</em></span> <span class='ocrx_word' id='word_1_160' title='bbox 509 2550 809 2607; x_wconf 71' lang='grc' dir='ltr'><em>ιῊνησίθε-ος</em></span> <span class='ocrx_word' id='word_1_161' title='bbox 844 2544 1214 2605; x_wconf 74' lang='grc' dir='ltr'><em>Ἀλωπεκῆθεν</em></span> <span class='ocrx_word' id='word_1_162' title='bbox 1252 2545 1468 2611; x_wconf 80' lang='grc' dir='ltr'><em>οἴδαμεν</em></span> <span class='ocrx_word' id='word_1_163' title='bbox 1507 2549 1835 2609; x_wconf 71' lang='grc' dir='ltr'><em>Δημοσθένη,</em></span> <span class='ocrx_word' id='word_1_164' title='bbox 1877 2539 1917 2611; x_wconf 74' lang='grc' dir='ltr'><em>ᾦ</em></span> 
     </span>
     <span class='ocr_line' id='line_1_26' title="bbox 71 2625 1918 2698; baseline -0.002 -16"><span class='ocrx_word' id='word_1_165' title='bbox 71 2632 462 2698; x_wconf 71' lang='grc' dir='ltr'><em>μαρτυροῦμεν,</em></span> <span class='ocrx_word' id='word_1_166' title='bbox 491 2633 663 2695; x_wconf 86' lang='grc' dir='ltr'><em>κρίσιν</em></span> <span class='ocrx_word' id='word_1_167' title='bbox 690 2629 974 2698; x_wconf 70' lang='grc' dir='ltr'><em>λελογχότα</em></span> <span class='ocrx_word' id='word_1_168' title='bbox 1001 2629 1198 2695; x_wconf 70' lang='grc' dir='ltr'><em>Μειδίᾳ</em></span> <span class='ocrx_word' id='word_1_169' title='bbox 1228 2629 1460 2689; x_wconf 67' lang='grc' dir='ltr'><em>ἐξούλης,</em></span> <span class='ocrx_word' id='word_1_170' title='bbox 1488 2629 1562 2694; x_wconf 70' lang='grc' dir='ltr'>τῷ</span> <span class='ocrx_word' id='word_1_171' title='bbox 1586 2633 1677 2677; x_wconf 80' lang='grc' dir='ltr'>καί</span> <span class='ocrx_word' id='word_1_172' title='bbox 1705 2629 1804 2679; x_wconf 73' lang='grc' dir='ltr'>νῦν</span> <span class='ocrx_word' id='word_1_173' title='bbox 1835 2625 1918 2678; x_wconf 75' lang='grc' dir='ltr'>ὑπ’</span> 
     </span>
     <span class='ocr_line' id='line_1_27' title="bbox 78 2709 1921 2781; baseline -0.003 -15"><span class='ocrx_word' id='word_1_174' title='bbox 78 2715 241 2766; x_wconf 78' lang='grc' dir='ltr'><em>αὐτοῦ</em></span> <span class='ocrx_word' id='word_1_175' title='bbox 270 2718 559 2779; x_wconf 76' lang='grc' dir='ltr'><em>κρινομένῳ</em></span> <span class='ocrx_word' id='word_1_176' title='bbox 588 2713 803 2779; x_wconf 69' lang='grc' dir='ltr'><em>δημοσίᾳ</em></span> <span class='ocrx_word' id='word_1_177' title='bbox 822 2752 834 2771; x_wconf 89' lang='grc'><em>,</em></span> <span class='ocrx_word' id='word_1_178' title='bbox 874 2718 964 2762; x_wconf 82' lang='grc' dir='ltr'>καὶ</span> <span class='ocrx_word' id='word_1_179' title='bbox 996 2709 1085 2772; x_wconf 72' lang='grc' dir='ltr'>ἤδη</span> <span class='ocrx_word' id='word_1_180' title='bbox 1111 2712 1169 2776; x_wconf 81' lang='grc' dir='ltr'><em>τῇ</em></span> <span class='ocrx_word' id='word_1_181' title='bbox 1196 2717 1358 2776; x_wconf 82' lang='grc' dir='ltr'><em>κρίσει</em></span> <span class='ocrx_word' id='word_1_182' title='bbox 1387 2716 1556 2776; x_wconf 76' lang='grc' dir='ltr'><em>ἐκείνῃ</em></span> <span class='ocrx_word' id='word_1_183' title='bbox 1586 2711 1921 2781; x_wconf 72' lang='grc' dir='ltr'><em>διαγεγονότα</em></span> 
     </span>
     <span class='ocr_line' id='line_1_28' title="bbox 79 2794 1922 2865; baseline -0.002 -15"><span class='ocrx_word' id='word_1_184' title='bbox 79 2804 161 2860; x_wconf 68' lang='grc' dir='ltr'>ἔτη</span> <span class='ocrx_word' id='word_1_185' title='bbox 189 2797 353 2857; x_wconf 72' lang='grc' dir='ltr'><em>ὀκτώ,</em></span> <span class='ocrx_word' id='word_1_186' title='bbox 397 2802 488 2846; x_wconf 81' lang='grc' dir='ltr'>καὶ</span> <span class='ocrx_word' id='word_1_187' title='bbox 528 2797 619 2846; x_wconf 81' lang='grc' dir='ltr'>τοῦ</span> <span class='ocrx_word' id='word_1_188' title='bbox 654 2796 853 2861; x_wconf 68' lang='grc' dir='ltr'><em>χρόνου</em></span> <span class='ocrx_word' id='word_1_189' title='bbox 893 2801 1231 2865; x_wconf 71' lang='grc' dir='ltr'><em>γεγενημένον</em></span> <span class='ocrx_word' id='word_1_190' title='bbox 1271 2794 1457 2853; x_wconf 82' lang='grc' dir='ltr'><em>παντὸς</em></span> <span class='ocrx_word' id='word_1_191' title='bbox 1497 2798 1667 2845; x_wconf 82' lang='grc' dir='ltr'><em>αἴτιον</em></span> <span class='ocrx_word' id='word_1_192' title='bbox 1693 2795 1922 2846; x_wconf 56' lang='grc' dir='ltr'><em>[Μειδίαν</em></span> 
     </span>
     <span class='ocr_line' id='line_1_29' title="bbox 79 2879 1918 2948; baseline -0.001 -16"><span class='ocrx_word' id='word_1_193' title='bbox 79 2883 156 2933; x_wconf 74' lang='grc' dir='ltr'>ἀεὶ</span> <span class='ocrx_word' id='word_1_194' title='bbox 183 2881 629 2947; x_wconf 71' lang='grc' dir='ltr'><em>προφασιζόμενον</em></span> <span class='ocrx_word' id='word_1_195' title='bbox 654 2886 744 2930; x_wconf 82' lang='grc' dir='ltr'>καὶ</span> <span class='ocrx_word' id='word_1_196' title='bbox 772 2879 1212 2945; x_wconf 72' lang='grc' dir='ltr'><em>ἀναβαλλόμενον.</em></span> <span class='ocrx_word' id='word_1_197' title='bbox 1267 2882 1623 2943; x_wconf 81' lang='lat' dir='ltr'>(Callisthenes</span> <span class='ocrx_word' id='word_1_198' title='bbox 1650 2881 1918 2948; x_wconf 83' lang='lat' dir='ltr'>Sphettius,</span> 
     </span>
     <span class='ocr_line' id='line_1_30' title="bbox 79 2965 1921 3033; baseline -0.001 -16"><span class='ocrx_word' id='word_1_199' title='bbox 79 2971 354 3033; x_wconf 85' lang='lat' dir='ltr'>Diognetus</span> <span class='ocrx_word' id='word_1_200' title='bbox 380 2967 663 3027; x_wconf 88' lang='lat' dir='ltr'>Thoricius,</span> <span class='ocrx_word' id='word_1_201' title='bbox 705 2967 1009 3016; x_wconf 88' lang='lat' dir='ltr'>Mnesitheus</span> <span class='ocrx_word' id='word_1_202' title='bbox 1035 2965 1382 3031; x_wconf 88' lang='lat' dir='ltr'>Alopecensis,</span> <span class='ocrx_word' id='word_1_203' title='bbox 1425 2965 1604 3014; x_wconf 89' lang='lat' dir='ltr'>scimus</span> <span class='ocrx_word' id='word_1_204' title='bbox 1632 2967 1921 3015; x_wconf 88' lang='lat' dir='ltr'>Demosthe-</span> 
     </span>
     <span class='ocr_line' id='line_1_31' title="bbox 81 3048 1917 3114; baseline -0.001 -15"><span class='ocrx_word' id='word_1_205' title='bbox 81 3069 219 3112; x_wconf 91' lang='lat' dir='ltr'>nem,</span> <span class='ocrx_word' id='word_1_206' title='bbox 256 3053 331 3101; x_wconf 91' lang='lat' dir='ltr'>cui</span> <span class='ocrx_word' id='word_1_207' title='bbox 359 3051 691 3101; x_wconf 84' lang='lat' dir='ltr'>testimonium</span> <span class='ocrx_word' id='word_1_208' title='bbox 719 3051 950 3111; x_wconf 83' lang='lat' dir='ltr'>dicimus,</span> <span class='ocrx_word' id='word_1_209' title='bbox 991 3050 1122 3098; x_wconf 87' lang='lat' dir='ltr'>diem</span> <span class='ocrx_word' id='word_1_210' title='bbox 1149 3050 1328 3099; x_wconf 82' lang='lat' dir='ltr'>dixisse</span> <span class='ocrx_word' id='word_1_211' title='bbox 1356 3049 1423 3098; x_wconf 88' lang='lat' dir='ltr'>rei</span> <span class='ocrx_word' id='word_1_212' title='bbox 1442 3049 1696 3114; x_wconf 86' lang='lat' dir='ltr'>judicatae</span> <span class='ocrx_word' id='word_1_213' title='bbox 1723 3048 1917 3109; x_wconf 87' lang='lat' dir='ltr'>Midiae,</span> 
     </span>
     <span class='ocr_line' id='line_1_32' title="bbox 82 3132 1920 3199; baseline -0.001 -17"><span class='ocrx_word' id='word_1_214' title='bbox 82 3135 165 3199; x_wconf 90' lang='lat' dir='ltr'>qui</span> <span class='ocrx_word' id='word_1_215' title='bbox 192 3135 336 3184; x_wconf 84' lang='lat' dir='ltr'>etiam</span> <span class='ocrx_word' id='word_1_216' title='bbox 362 3152 492 3183; x_wconf 89' lang='lat' dir='ltr'>nunc</span> <span class='ocrx_word' id='word_1_217' title='bbox 518 3135 579 3182; x_wconf 87' lang='lat' dir='ltr'>ab</span> <span class='ocrx_word' id='word_1_218' title='bbox 609 3150 666 3182; x_wconf 93' lang='lat' dir='ltr'>eo</span> <span class='ocrx_word' id='word_1_219' title='bbox 694 3132 892 3198; x_wconf 86' lang='lat' dir='ltr'>publico</span> <span class='ocrx_word' id='word_1_220' title='bbox 920 3133 1124 3183; x_wconf 89' lang='lat' dir='ltr'>crimine</span> <span class='ocrx_word' id='word_1_221' title='bbox 1163 3140 1446 3191; x_wconf 83' lang='lat' dir='ltr'>accusatur,</span> <span class='ocrx_word' id='word_1_222' title='bbox 1489 3140 1535 3181; x_wconf 87' lang='lat' dir='ltr'>et</span> <span class='ocrx_word' id='word_1_223' title='bbox 1564 3133 1670 3198; x_wconf 88' lang='lat' dir='ltr'>jam</span> <span class='ocrx_word' id='word_1_224' title='bbox 1697 3150 1784 3199; x_wconf 83' lang='lat' dir='ltr'>per</span> <span class='ocrx_word' id='word_1_225' title='bbox 1812 3140 1920 3181; x_wconf 87' lang='lat' dir='ltr'>octo</span> 
     </span>
     <span class='ocr_line' id='line_1_33' title="bbox 82 3215 1920 3282; baseline -0.002 -17"><span class='ocrx_word' id='word_1_226' title='bbox 82 3235 238 3267; x_wconf 88' lang='lat' dir='ltr'>annos</span> <span class='ocrx_word' id='word_1_227' title='bbox 265 3218 396 3267; x_wconf 86' lang='lat' dir='ltr'>illam</span> <span class='ocrx_word' id='word_1_228' title='bbox 422 3219 557 3267; x_wconf 86' lang='lat' dir='ltr'>litem</span> <span class='ocrx_word' id='word_1_229' title='bbox 586 3216 823 3282; x_wconf 90' lang='lat' dir='ltr'>pendere,</span> <span class='ocrx_word' id='word_1_230' title='bbox 862 3234 919 3265; x_wconf 90' lang='lat' dir='ltr'>ac</span> <span class='ocrx_word' id='word_1_231' title='bbox 958 3217 1105 3265; x_wconf 86' lang='lat' dir='ltr'>totius</span> <span class='ocrx_word' id='word_1_232' title='bbox 1140 3216 1279 3280; x_wconf 84' lang='lat' dir='ltr'>hujus</span> <span class='ocrx_word' id='word_1_233' title='bbox 1306 3232 1472 3265; x_wconf 86' lang='lat' dir='ltr'>morae</span> <span class='ocrx_word' id='word_1_234' title='bbox 1500 3233 1696 3266; x_wconf 87' lang='lat' dir='ltr'>causam</span> <span class='ocrx_word' id='word_1_235' title='bbox 1723 3215 1920 3264; x_wconf 68' lang='lat' dir='ltr'>Midian]</span> 
     </span>
     <span class='ocr_line' id='line_1_34' title="bbox 83 3298 1581 3368; baseline -0.001 -19"><span class='ocrx_word' id='word_1_236' title='bbox 83 3301 300 3350; x_wconf 85' lang='lat' dir='ltr'>extitisse</span> <span class='ocrx_word' id='word_1_237' title='bbox 317 3334 335 3359; x_wconf 28' lang='grc' dir='ltr'>,ν</span> <span class='ocrx_word' id='word_1_238' title='bbox 367 3319 562 3368; x_wconf 87' lang='lat' dir='ltr'>semper</span> <span class='ocrx_word' id='word_1_239' title='bbox 587 3300 995 3364; x_wconf 88' lang='lat' dir='ltr'>tergiversantem</span> <span class='ocrx_word' id='word_1_240' title='bbox 1023 3306 1071 3347; x_wconf 91' lang='lat' dir='ltr'>et</span> <span class='ocrx_word' id='word_1_241' title='bbox 1095 3298 1581 3364; x_wconf 84' lang='lat' dir='ltr'>procrastinantem.)</span> 
     </span>
    </p>
   </div>
  </div>
 </body>
</html>
