2114 3642
667 250 885 283 DELICTA
914 251 1205 283 MIMTARIA*
1753 237 1851 283 269

869 375 1018 426 1066,

158 459 281 509 'Edu
315 482 377 516 τις
406 458 621 522 ἀπαχθῇ
652 453 855 518 ἡλωκώς
882 454 1190 521 ἀστρατείας,
1221 458 1478 518 δησάντων
1507 456 1669 506 αὐτόν
1696 460 1739 506 οἱ
1771 464 1852 507 ἱέν-

29 545 148 595 δεκα
188 548 278 592 καὶ
318 542 629 611 εἰσαγόντων
669 538 831 590 αὐτὸν
870 545 937 598 εἰς
978 539 1069 600 τήν
1109 538 1323 602 ἦλιαίαγ,
1368 543 1717 610 Κατηγορείτω
1746 540 1794 589 δὲ
1824 537 1851 589 ό

26 625 348 694 βουλόμενος,
389 624 462 682 οἷς
490 628 692 685 ἔξεστιν.
727 622 857 673 Ἐάν
885 622 929 671 δ’
957 619 1093 690 ἁλῷ,
1134 623 1322 689 τιμάτω
1352 621 1376 684 ἧ
1410 621 1602 684 ἧλιαία,
1632 620 1659 672 ὅ
1687 644 1731 672 τι
1753 623 1852 688 χρὴ

28 715 211 760 παθεῖν
238 708 400 759 αὐτὸν
429 706 457 769 ἢ
484 706 739 766 ἀποτίσαι,
779 704 869 757 ἐὰν
893 705 936 755 δ’
964 704 1212 775 ἀργυρίου
1238 708 1443 772 τιμηθῇ,
1473 706 1694 758 δεδέσθω
1720 711 1851 765 τέως,

25 801 107 852 ἕως
133 791 199 845 ἄν
225 795 412 856 ἐκτίσῃ.

364 868 497 928 (Lex
524 865 718 916 Solonis
754 865 887 932 apud
914 866 1167 916 Demosth.
1196 866 1247 915 in
1275 866 1538 932 Timocrat.
1564 866 1710 925 733.)

861 972 1009 1022 1066.

164 1058 215 1107 Si
243 1060 349 1124 quis
374 1057 615 1107 abductus
642 1058 788 1106 fuerit
813 1057 1065 1106 convictus
1093 1057 1315 1107 desertae
1346 1056 1566 1116 militiae,
1607 1057 1852 1105 undecim-

24 1143 111 1191 viri
139 1159 247 1191 eum
274 1142 528 1190 vinciunto
555 1148 605 1189 et
629 1141 678 1189 in
696 1141 953 1189 Heliaeam
979 1139 1356 1202 introducunt03
1383 1147 1581 1188 accuset
1609 1147 1769 1188 autem
1796 1158 1855 1189 ex

22 1227 78 1275 iis
117 1226 197 1291 qui
235 1226 431 1288 integra
468 1225 666 1274 civitate
700 1224 956 1284 fruuntur,
999 1225 1276 1289 quicunque
1304 1222 1529 1272 voluerit.
1582 1225 1855 1271 Damnatus

23 1310 61 1359 si
87 1310 176 1370 sit,
216 1310 441 1358 aestimet
466 1309 696 1369 Heliaea,
738 1308 855 1373 quid
883 1326 995 1357 eum
1020 1309 1155 1358 luere
1184 1314 1411 1373 oporteat
1439 1314 1522 1355 aut
1548 1305 1752 1355 solvere.
1805 1306 1856 1355 Si

23 1393 300 1459 pecuniaria
339 1392 522 1442 mulcta
552 1393 604 1442 'ei
657 1392 788 1443 dicta
827 1391 1001 1453 fuerit,
1054 1393 1104 1441 in
1145 1390 1354 1440 vinculis
1394 1395 1644 1449 teneatur,
1697 1388 1852 1438 donec

24 1477 236 1526 solverit.

797 1582 799 1585 -
868 1546 1016 1595 1067.

169 1628 274 1679 Τόν
300 1632 538 1679 λείποντα
566 1626 658 1688 τὴν
686 1623 787 1677 ὑπὸ
815 1628 912 1676 τοῦ
937 1628 1217 1696 στρατηγοῦ
1248 1628 1391 1688 τάξιν
1418 1633 1715 1690 ταχθεῖσαν,
1745 1622 1854 1674 ἄτι-

19 1733 120 1779 μον
147 1712 418 1779 προσήκειν
444 1711 589 1771 εἶναι,
630 1715 718 1760 καὶ
742 1710 957 1776 μηδενὸς
986 1711 1087 1760 τῶν
1113 1712 1311 1761 κοινῶν
1332 1717 1576 1777 μετέχειν.

771 1797 1050 1859 (Demosth.
1080 1816 1169 1865 pro
1195 1798 1428 1849 Rhodior.
1458 1799 1540 1848 lib.
1571 1799 1715 1857 200.)

872 1908 1020 1958 1067.

161 1994 394 2042 Desertor
421 1992 655 2055 assignati
680 1991 845 2042 aduee
872 1990 1058 2042 ordinis
1084 1992 1352 2056 ignominia
1379 1991 1624 2040 not-andus
1656 1998 1702 2040 et
1734 2008 1758 2038 a
1788 2006 1856 2038 re-

23 2075 221 2142 publica
246 2074 485 2126 arcendus
512 2082 597 2124 est.

863 2147 1014 2196 1068.

157 2215 250 2266 Ἐν
288 2224 392 2273 τοῖς
429 2214 606 2273 αὐτοῖς
646 2218 911 2280 ἐπιτιμίοις
951 2220 1219 2278 ἐνέχεσθαι
1264 2215 1355 2265 τὸν
1393 2214 1728 2280 ἀστράτευτον
1770 2218 1858 2262 καὶ

24 2299 113 2350 τὸν
149 2299 415 2350 λελοιπότα
454 2298 546 2359 τὴν
578 2299 722 2359 τάξιν
747 2304 837 2348 καὶ
865 2299 958 2349 τὸν
985 2298 1153 2349 δειλόν
1181 2295 1382 2364 ὁμοίως.
1424 2304 1523 2348 Καὶ
1554 2298 1643 2348 τόν
1672 2298 1858 2362 ἀστρά-

23 2404 200 2433 τευτον
233 2387 323 2433 καὶ
349 2382 442 2435 τὸν
480 2381 650 2433 δειλόν
676 2387 767 2432 καὶ
794 2382 886 2433 τόν
912 2382 1124 2433 λιπόντα
1152 2383 1243 2443 τήν
1270 2383 1413 2444 τάξιν
1441 2387 1533 2443 ἔξω
1560 2383 1663 2431 τῶν
1692 2402 1855 2445 περιρ-

25 2472 298 2533 ραντηρίων
336 2469 418 2527 τῆς
457 2465 646 2536 ἀγορᾶς
684 2470 919 2532 ἐξείρειν,
959 2471 1050 2515 καὶ
1084 2466 1153 2531 μή
1193 2468 1283 2518 ἑᾶν
1325 2466 1707 2530 στεφανοῦσθαι
1745 2463 1857 2514 οὐδ’

26 2555 223 2602 εἰσιέναι
252 2556 321 2608 εἰς
348 2550 409 2600 τά
437 2551 542 2618 ἱερά
570 2550 631 2600 τά
661 2551 919 2616 δημοτελῆ.

236 2639 367 2699 (Lex
395 2636 591 2687 Solonis
617 2638 748 2704 apud
775 2637 1002 2689 Aeschin.
1030 2640 1079 2687 in
1108 2638 1326 2704 Ctesiph.
1357 2635 1545 2703 §.1⁹75⁸
1578 2636 1719 2695 176.)

875 2746 1024 2795 1068.

166 2817 349 2869 Iisdem
376 2816 548 2884 poenis
575 2817 912 2883 obstringatur
938 2824 986 2867 et
1013 2819 1052 2867 is
1079 2818 1161 2883 qui
1189 2817 1410 2865 militiam
1437 2814 1787 2864 detrectaverit
1815 2823 1862 2863 et

26 2902 103 2966 qui
130 2903 191 2951 de
225 2902 438 2951 statione
478 2900 742 2949 decesserit
781 2909 830 2950 et
868 2901 1014 2950 simul
1053 2901 1134 2966 qui
1172 2900 1371 2949 timidus
1410 2898 1550 2946 miles
1589 2898 1746 2947 fuerit.
1801 2899 1862 2946 Et

26 2985 245 3033 militiam
272 2984 639 3049 subterfugiens
667 2990 715 3032 et
739 2984 937 3034 timidus
965 2991 1014 3033 et
1040 2985 1263 3034 desertor
1302 2981 1584 3032 lustralibus
1612 2982 1742 3031 vasis
1771 2982 1861 3031 fori

28 3068 370 3132 prohibeatur,
411 3075 461 3116 et
497 3084 681 3117 corona
719 3067 892 3116 donari
933 3085 1033 3116 non
1070 3065 1382 3132 permittatur
1417 3071 1462 3113 et
1487 3065 1737 3114 sacrificiis
1775 3082 1860 3130 pu-

26 3151 153 3201 blico
180 3152 376 3201 nomine
403 3151 636 3201 institutis
664 3156 900 3200 arceatur.

866 3245 1016 3293 1069.

160 3314 482 3381 Ἀστρατείας
511 3314 699 3364 ἁλῶναι
720 3353 730 3372 ,
773 3311 912 3371 ὅστις
939 3315 1229 3380 καταλεγεὶς
1258 3309 1318 3360 οὐ
1350 3313 1492 3376 παρῇ.

942 3400 1141 3466 (Lysias
1169 3416 1206 3448 c.
1237 3397 1474 3450 Alcibiad.
1502 3401 1537 3449 I.
1568 3396 1608 3464 ξ
1642 3399 1714 3456 7.)
