2161 3673
918 200 1152 235 SENATUS.
1887 188 1953 236 23

117 331 470 380 administrant.
531 330 719 378 Decem
758 335 922 378 autem
960 328 1072 378 illae
1111 329 1268 378 tribus
1307 347 1365 379 eo
1406 329 1603 390 ordine,
1659 348 1807 394 quem
1847 349 1954 379 sors

118 414 213 466 illis
240 414 482 478 assignat,
522 411 614 463 sibi
640 411 855 462 invicem
881 413 1231 476 succedentes,
1271 414 1554 480 prytaniam
1579 421 1773 477 gerunt.

995 524 1076 572 86.

260 620 573 681 Πρυτανεῖαι
613 614 693 673 δὲ,
747 610 774 666 ὃ
814 614 918 665 τῶν
956 610 1156 680 ἦμερῶν
1207 613 1455 680 ἀριθμὸς,
1511 615 1633 665 δέκα
1686 619 1953 684 γίγνονται

118 705 232 750 κατ’
260 698 520 757 ἐνιαυτὸν,
551 695 628 747 ὅτι
654 702 744 748 καὶ
773 698 896 748 δέκα
925 701 978 747 αἱ
1006 703 1179 760 φυλαί.
1226 697 1495 756 Ἐνιαυτός
1522 699 1570 748 δὲ
1600 695 1627 749 ὁ
1659 696 1955 758 σεληνιακὸς

117 780 317 851 ἄγεται·
345 781 599 846 ἐπιβάλλει
628 781 676 830 δὲ
708 782 890 841 ἑκάστη
917 780 1052 844 φυλὴ
1079 782 1184 831 τῶν
1211 781 1334 831 δέκα
1359 781 1639 847 τριάκοντα
1665 787 1808 832 πέντε
1834 777 1954 845 ἦμέ-

117 886 230 930 ρας,
270 869 360 913 καὶ
387 864 764 931 περιττεύουσιν
802 870 862 915 ἐκ
899 865 992 914 τοῦ
1035 866 1339 924 σεληνιακοῦ
1374 866 1612 915 ἐνιαυτοῦ
1642 862 1814 931 ἡμέραι
1843 869 1955 913 τέσω

117 967 257 1013 σαρες
272 987 285 1008 ,
326 951 385 999 αἲ
405 952 777 1015 ἐπιμερίζονται
803 956 911 1005 ταῖς
939 947 1153 1012 πρώταις
1179 948 1456 1011 λαχούσαις
1481 948 1819 1014 πρυτανεύειν
1843 953 1954 997 τέσ-

117 1050 258 1098 σαρσι
297 1037 506 1095 φυλαῖς·
546 1037 636 1081 καὶ
673 1032 777 1082 τῶν
806 1034 905 1096 μὲν
938 1031 1192 1097 τεσσάρων
1230 1031 1438 1097 πρώτων
1488 1032 1669 1093 ἑκάστη
1721 1035 1823 1096 ἔχει
1862 1031 1956 1092 τὴν

117 1120 425 1181 πρυτανείαν
450 1114 850 1180 άπαρτιζομένην
875 1119 944 1172 εἰς
983 1116 1259 1179 τριάκοντα
1291 1121 1340 1176 ἕξ
1382 1111 1586 1180 ἡμέρας·
1626 1118 1675 1164 αἱ
1704 1116 1753 1164 δὲ
1781 1120 1955 1164 λοιπαὶ

117 1205 166 1259 ἔξ
194 1198 292 1249 ἀνά
326 1200 603 1265 τριάκοντα
641 1203 796 1248 πέντε.
851 1202 1147 1263 Πρυτανεία
1186 1193 1287 1247 οὖν
1325 1204 1462 1248 ἐστιν
1500 1197 1719 1263 ἀριθμὸς
1760 1195 1955 1264 ἡμερῶν

118 1279 228 1343 ἤτοι
269 1284 546 1348 τριάκοντα
583 1289 633 1342 ἕξ
675 1280 703 1342 ἢ
739 1281 1018 1347 τριάκοντα
1065 1285 1220 1330 πέντε.
1288 1285 1389 1329 Καὶ
1431 1281 1613 1341 εκάστη
1652 1283 1785 1343 φυλὴ
1827 1304 1954 1348 πρυ-

117 1366 329 1417 τανεύει.
1229 1368 1462 1430 (Suidasz
1492 1370 1811 1430 πρυτανεία).

995 1440 1076 1488 86.

258 1536 523 1600 Prytaniae
563 1552 705 1595 vero,
746 1535 848 1584 sive
888 1553 1119 1584 numerus
1159 1535 1348 1584 dierum
1391 1538 1505 1601 (per
1544 1554 1665 1601 quos
1706 1537 1956 1602 quaelibet

114 1620 268 1668 tribus
307 1636 524 1668 summae
563 1636 727 1667 rerum
765 1620 988 1684 praeest)
1029 1618 1200 1667 decem
1240 1619 1504 1683 quotannis
1544 1627 1684 1681 sunt,
1734 1637 1823 1685 pro
1863 1638 1951 1668 nu-

114 1721 249 1752 mero
276 1702 703 1751 decemtribuum.
756 1704 814 1752 In
853 1721 943 1751 usu
983 1710 1147 1752 autem
1189 1710 1262 1751 est
1301 1720 1458 1751 annus
1490 1703 1700 1764 lunaris,
1743 1711 1791 1752 et
1818 1704 1953 1752 cuili-

114 1786 200 1835 bet
225 1786 394 1835 decem
421 1786 637 1835 tribuum
664 1786 899 1850 assignati
928 1793 1040 1834 sunt
1066 1786 1270 1850 triginta
1297 1787 1513 1851 quinque
1541 1786 1658 1835 dies.
1710 1786 1954 1846 Quoniam

114 1888 231 1919 vero
259 1877 490 1935 quattuor
516 1869 620 1918 dies
646 1870 695 1917 in
723 1887 852 1917 anno
879 1870 1034 1917 lunari
1064 1877 1347 1934 supersunt,
1377 1870 1424 1917 hi
1454 1870 1789 1917 attribuuntur
1816 1878 1952 1934 quat-

115 1960 222 2001 tuor
247 1953 498 2013 tribubus,
538 1953 716 2017 quibus
755 1953 925 2018 primis
959 1954 1193 2019 prytania
1219 1961 1349 2002 sorte
1378 1954 1569 2016 obtigit.
1622 1953 1786 2013 Quare
1814 1961 1951 2018 quat-

115 2044 226 2084 tuor
252 2036 439 2101 priores
480 2036 637 2085 tribus
677 2036 899 2099 singulae
939 2038 1219 2102 prytaniam
1258 2037 1469 2096 habent,
1508 2053 1632 2100 quae
1674 2036 1739 2082 36
1779 2036 1953 2085 diebus

115 2119 413 2178 absolvitur,
455 2126 504 2166 at
541 2119 836 2183 reliquarum
865 2137 950 2169 sex
975 2121 1207 2185 prytania
1233 2121 1297 2167 35
1327 2126 1519 2168 tantum
1546 2119 1717 2168 diebus
1745 2127 1951 2168 constat.

115 2202 350 2266 Prytania
387 2203 538 2264 igitur
577 2211 649 2250 est
685 2220 919 2253 numerus
960 2205 1039 2253 vel
1076 2204 1141 2252 36
1171 2205 1250 2253 vel
1278 2205 1342 2252 35
1371 2204 1587 2252 dierum:
1629 2210 1676 2251 et
1704 2203 1952 2266 quaelibet

113 2285 270 2334 tribus
297 2286 577 2350 prytaniam
603 2286 744 2350 gerit.

993 2358 1075 2406 87.

261 2449 376 2499 TcSv
415 2449 709 2515 πρυτάνεων
748 2449 815 2508 εἷς
854 2446 881 2500 ὁ
924 2450 1101 2514 λαχών
1138 2451 1488 2510 ἐπιστάτης
1528 2454 1743 2517 λέγεται·
1787 2450 1860 2508 δὶς
1900 2450 1949 2499 δὲ

118 2533 207 2583 τὸν
246 2531 407 2583 αὐτὸν
445 2536 762 2594 ἐπιστατῆσαι
804 2533 905 2584 οὐκ
946 2537 1126 2594 ἔξεστι·
1176 2535 1416 2596 φυλάσσει
1461 2535 1508 2581 δὲ
1552 2532 1640 2580 τιιῦ
1684 2534 1824 2595 ἱεροῦ
1864 2533 1951 2591 τάς

112 2621 275 2676 κλεῖς,
335 2624 389 2667 εν
429 2611 469 2683 ᾧ
508 2618 569 2666 τά
609 2617 821 2682 δημόσια
866 2617 1132 2683 χρήματα,
1194 2621 1264 2667 ἔτι
1299 2617 1405 2682 μην
1443 2622 1533 2666 καὶ
1572 2616 1665 2676 τήν
1704 2616 1952 2681 δημοσίαν

114 2701 382 2770 σφραγίδα.
1240 2704 1470 2765 (Suidast
1508 2700 1806 2763 ἐπιστάτης).

993 2776 1074 2826 87.

257 2859 397 2908 Unus
424 2878 449 2908 e
476 2861 794 2926 prytanibus,
835 2861 912 2909 cui
940 2867 1071 2910 sorte
1099 2878 1276 2909 munus
1304 2859 1508 2923 obtigit,
1548 2861 1827 2925 praefectus
1868 2880 1950 2909 vo«-

113 2950 262 2992 catur.
322 2943 435 2992 Non
477 2950 642 2992 tamen
680 2944 796 2993 licet
833 2944 1046 2993 eundem
1084 2945 1160 2992 bis
1202 2960 1307 2991 esse
1345 2943 1660 3007 praefectum.
1724 2944 1950 2993 Custodit

113 3032 272 3075 autem
301 3027 466 3075 claves
495 3028 692 3093 templi,
730 3029 783 3077 in
827 3047 935 3094 quo,
964 3028 1175 3094 pecunia
1201 3026 1401 3090 publica
1428 3027 1643 3092 reposita
1670 3036 1769 3090 est,
1808 3046 1947 3093 prae-

114 3118 247 3160 terea
272 3110 484 3174 sigillum
510 3110 774 3175 publicum.

243 3259 424 3328 ”Αρχει
465 3262 513 3311 δὲ
550 3265 681 3327 μίαν
713 3261 879 3326 μόνην
921 3258 1134 3325 ἡμέραν,
1175 3261 1338 3322 ἐπειδὴ
1380 3261 1534 3320 αὐτὸς
1573 3261 1658 3319 τάς
1695 3266 1829 3318 κλεῖς
1869 3261 1948 3320 τῆς

116 3345 436 3412 ἀκροπόλεως
477 3346 762 3396 πιστεύεται
804 3351 898 3396 καὶ
943 3345 1102 3395 πάντα
1141 3343 1201 3394 τά
1234 3345 1468 3413 χρήματα
1506 3346 1588 3407 τῆς
1627 3344 1833 3403 πόλεως·
1883 3348 1969 3395 ἵν”ή
