2114 3642
576 191 984 223 COMMENTARIUS
1013 191 1079 222 An
1114 190 1214 224 1148.
1248 187 1349 225 1149.
1384 188 1483 224 1150.
1846 178 1946 225 569

108 308 137 358 ὁ
169 311 448 375 λαμβάνω]
475 318 524 371 ἐξ
553 313 700 377 ἱερῶν
727 310 850 377 ἅπερ
879 313 981 362 οὐκ
1010 313 1256 373 ἀπέθετο,
1300 312 1328 364 ὁ
1370 316 1453 374 τῆς
1481 319 1685 373 πίστεως
1713 316 1768 365 τὸ
1799 323 1946 367 θεῖον

109 392 415 459 ἀποστερῶν.
460 398 768 463 (Sacrilegus
797 407 896 461 est,
934 402 1015 466 qui
1040 401 1255 466 phialas,
1286 419 1518 461 coronas,
1547 401 1795 450 thuribula
1822 420 1847 450 e
1875 404 1943 451 lo-

109 479 177 527 cis
205 481 354 528 sacris
394 481 575 540 aufert,
616 482 697 546 qui
735 482 784 528 in
825 485 1010 549 templa
1049 485 1173 532 clam
1213 485 1556 550 progreditur.
1600 485 1681 549 qui
1720 484 1944 549 improbo

107 562 309 610 consilio
348 565 584 628 templum
623 565 873 628 inquinat,
914 568 995 631 qui
1032 585 1056 615 e
1086 568 1282 633 templis
1310 569 1489 633 accipit
1516 585 1638 632 quae
1666 584 1767 615 non
1794 567 1942 631 depo-

107 645 225 705 suit,
270 646 350 711 qui
392 663 572 695 numen
612 646 831 697 divinum
860 649 953 698 fide
980 650 1200 716 spoliat.)

872 789 971 842 Ad
996 791 1172 843 1148.

248 900 332 965 Ly
349 917 418 948 cu
437 919 460 948 r
473 917 519 963 g.
549 918 585 950 c.
614 901 654 948 L
671 917 695 949 e
714 920 741 949 o
759 910 911 949 crat.
939 897 980 965 ξ.
1012 901 1104 949 65:
1148 901 1354 950 Veteres
1381 900 1689 962 legislatores
1716 919 1815 949 non
1843 909 1945 950 tan-

105 990 205 1030 tum
234 1000 341 1031 eum
369 985 448 1048 qui
482 984 648 1049 ampla
675 984 831 1049 spolia
858 1001 882 1031 e
914 983 1128 1032 delubris
1168 983 1371 1031 deorum
1409 983 1754 1031 immortalium
1780 984 1944 1033 abstu-

103 1065 234 1125 lerit,
265 1065 573 1126 occiderunt,
602 1066 687 1114 sed
716 1066 863 1114 etiam
891 1066 972 1129 qui
1000 1082 1158 1129 pauca
1184 1065 1429 1130 spoliavit.

246 1150 582 1198 Isocrates
611 1166 649 1198 c.
678 1149 718 1197 L
736 1168 762 1198 o
780 1149 929 1197 chit.
958 1145 1000 1213 ξ.
1031 1149 1088 1195 6:
1129 1148 1370 1213 Equidem
1398 1165 1515 1209 vos,
1556 1148 1595 1196 si
1623 1164 1770 1213 quem
1796 1150 1941 1198 sacri-

101 1233 217 1296 legii
244 1231 512 1293 damnatis,
554 1251 653 1281 non
694 1234 754 1282 ad
793 1233 1184 1298 magnitudinem
1210 1230 1391 1298 {earum
1417 1249 1579 1280 rerum
1596 1270 1606 1288 ,
1648 1249 1768 1296 quas
1796 1234 1943 1281 surri-

102 1315 288 1380 puerit,
314 1315 704 1364 aestimationem
730 1315 892 1364 facere
919 1314 1089 1375 video,
1117 1315 1201 1364 sed
1229 1315 1331 1363 sine
1360 1314 1641 1363 discrimine
1670 1332 1839 1364 omnes
1866 1332 1943 1364 ca-

102 1399 216 1463 pitis
244 1398 474 1447 damnare
504 1405 549 1447 et
575 1416 787 1463 aequum
825 1406 1025 1464 putare,
1066 1408 1120 1448 ut
1162 1400 1243 1463 qui
1273 1397 1446 1447 eadem
1478 1397 1698 1447 facinora
1724 1406 1838 1446 sunt
1863 1414 1945 1460 ag-

103 1481 281 1545 gressi,
322 1498 509 1546 poenas
536 1480 732 1529 easdem
758 1481 910 1530 luant.

244 1563 528 1612 Secundum
560 1563 783 1613 Platonis
811 1564 970 1628 Leges
999 1565 1147 1626 (854,
1176 1565 1380 1624 Dss-E),
1408 1564 1458 1611 in
1484 1562 1741 1626 sacrilegio
1769 1564 1942 1628 depre-

101 1648 309 1708 hensus,
338 1646 377 1695 si
405 1662 578 1695 servus
605 1646 683 1695 vel
711 1648 1002 1712 peregrinus
1031 1657 1121 1707 est,
1150 1647 1200 1695 in
1229 1647 1352 1696 facie
1381 1655 1427 1694 et
1455 1647 1677 1695 manibus
1705 1647 1943 1713 scriptum

99 1747 278 1794 gerens
304 1729 510 1790 malum,
541 1737 589 1778 et
613 1730 905 1779 verberibus
933 1738 1017 1787 tot,
1046 1738 1160 1795 quot
1178 1730 1432 1796 judicibus
1461 1730 1621 1778 visum
1648 1731 1806 1791 fuerit,
1835 1747 1943 1780 cae-

100 1831 181 1862 sus
219 1822 357 1862 extra.
399 1814 521 1861 fines
560 1813 777 1877 regionis
816 1814 976 1862 nudus
1017 1814 1232 1880 ejicitor;
1284 1814 1491 1862 fortasse
1532 1814 1664 1861 enim
1702 1814 1817 1863 data
1854 1813 1945 1863 hac

102 1913 264 1962 poena
289 1895 460 1944 melior
487 1895 689 1955 evadet,
731 1896 791 1944 ad
819 1897 1078 1945 sanitatem
1105 1905 1377 1946 revocatus.
1418 1896 1464 1945 N
1481 1913 1508 1944 o
1527 1914 1559 1944 n
1587 1913 1612 1944 e
1629 1895 1752 1944 nim
1780 1897 1944 1945 male

102 1980 264 2028 facti
304 1995 500 2027 causa
550 1995 758 2042 poena
809 1978 946 2027 ulla
995 1978 1283 2027 infertur
1333 1979 1688 2028 secundum
1735 1980 1945 2041 legem

101 2062 324 2120 illata,
378 2061 487 2110 sed
526 2063 799 2111 alterum
840 2062 979 2111 fere
1019 2080 1043 2110 e
1083 2062 1335 2112 duobus
1377 2062 1634 2111 efficit:
1686 2071 1794 2111 aut
1831 2079 1943 2111 me-

101 2145 327 2193 liorem
370 2145 591 2194 reddit
642 2163 853 2211 poena
903 2145 1267 2203 afflictum,
1318 2153 1424 2193 aut
1463 2146 1807 2209 quominus
1847 2163 1942 2210 pe-

92 2230 200 2293 jor
239 2228 385 2289 fiat,
427 2230 548 2293 imp
567 2246 590 2277 e
608 2228 715 2278 dit.
770 2228 905 2277 Civis
946 2236 1110 2277 autem
1147 2229 1185 2275 si
1226 2228 1331 2292 quis
1360 2244 1575 2291 unquam
1605 2229 1701 2277 tale
1729 2228 1845 2292 quid
1873 2229 1942 2276 fa-

100 2329 210 2361 cere
239 2319 518 2377 compertus
545 2311 706 2366 fuerit,
736 2312 865 2360 hunc
885 2312 988 2376 jam
1016 2328 1103 2375 pro
1128 2310 1389 2359 insanabili
1410 2309 1565 2374 judex
1594 2311 1773 2360 habeto
1800 2328 1942 2377 repu-

102 2406 211 2443 tans
237 2410 428 2454 secum,
470 2412 565 2457 qua
604 2395 864 2460 disciplina
903 2402 1050 2458 atque
1090 2394 1382 2442 educatione
1421 2411 1449 2441 a
1488 2411 1641 2459 puero
1670 2402 1812 2443 utens
1841 2412 1940 2443 non

100 2478 393 2526 abstinuerit
422 2478 649 2527 maximis
676 2478 827 2526 malis.
882 2478 1047 2526 Poena
1075 2478 1222 2540 igitur
1250 2476 1362 2526 huic
1388 2494 1518 2525 mors
1546 2479 1620 2525 sit.

872 2617 971 2670 Ad
1000 2618 1175 2670 1149.

244 2728 317 2777 Cf.
359 2727 520 2776 Schol.
563 2728 609 2775 in
652 2727 965 2792 Aristophan.
1009 2727 1204 2775 Plutum
1245 2728 1372 2784 521,
1426 2734 1472 2774 et
1517 2727 1699 2776 Lexica
1739 2727 1940 2791 Seguer.

101 2831 145 2877 p.
178 2812 292 2859 219.

872 2878 970 2930 Ad
999 2879 1174 2931 1150.

249 2991 392 3056 Apud
420 2991 667 3038 Romanos
713 2991 930 3053 „frugem
966 2998 1128 3038 aratro
1168 2990 1437 3053 quaesitam
1481 2990 1704 3038 furtim
1744 2998 1940 3037 noctu

102 3076 298 3141 pavisse
326 3093 382 3123 ac
411 3074 622 3121 secuisse
652 3073 824 3136 puberi
855 3072 1110 3120 duodecim
1138 3072 1315 3119 tabulis
1343 3073 1549 3135 capitale
1579 3081 1704 3130 erat,
1735 3090 1937 3136 suspen-

104 3175 306 3222 sumque
336 3157 501 3206 Cereri
531 3156 691 3203 necari
720 3156 983 3217 jubebant,
1024 3155 1223 3216 gravius
1263 3172 1409 3218 quam
1450 3155 1498 3202 in
1537 3154 1797 3203 homicidio
1824 3171 1937 3201 con-

106 3241 337 3289 victum.“
380 3240 567 3301 (Plin.
599 3238 741 3285 hist.
771 3247 889 3285 nat.
918 3237 1105 3296 XVIII,
1134 3238 1207 3295 3.)

248 3324 522 3373 Macrob.
562 3321 815 3371 Saturn.
844 3321 879 3379 I,
910 3321 965 3367 4:
1007 3321 1118 3368 Non
1146 3337 1252 3369 esse
1281 3321 1341 3367 ab
1370 3338 1419 3367 re
1449 3328 1596 3386 puto.
1639 3319 1730 3367 lioc
1757 3319 1864 3367 loco
1892 3317 1938 3364 id
