2114 3642
562 215 970 251 COMMENTARIUS
999 216 1066 249 An
1097 215 1177 250 745.
1208 216 1287 250 747.
1320 215 1399 249 750.
1428 215 1510 249 754.
1849 197 1948 250 513

891 341 989 394 Ad
1021 343 1172 395 745.

249 440 415 489 Lexic.
457 441 576 489 rhet.
615 439 675 488 ad
711 440 825 487 calc,
855 440 1016 487 Photii
1058 459 1102 504 p.
1131 441 1247 499 670,
1279 441 1370 488 3οε
1416 438 1530 486 Τῶν
1559 436 1606 486 δὲ
1636 434 1828 502 ψήφων
1854 439 1948 485 εἰσί

107 517 200 568 τοῦ
235 523 331 584 μὲν
371 519 647 576 διώκοντος
686 521 735 568 αἱ
775 523 1161 584 τετρυπημέναι,
1202 520 1295 567 τοῦ
1338 520 1386 568 δὲ
1429 519 1712 589 φεύγοντος
1751 522 1799 568 αἱ
1828 518 1951 579 πλή-

108 623 226 667 ρεις·
268 600 493 668 ὁποτέρῳ
522 603 565 650 δ’
594 600 660 652 ἂν
687 605 888 658 πλείους
917 607 1158 671 γένωνται
1180 642 1190 660 ,
1233 597 1383 659 οὗτος
1411 607 1587 653 ἐνίκα·
1628 601 1712 652 ὅτε
1740 602 1790 652 δὲ
1819 601 1916 651 ἶσαι
1939 641 1950 660 ,

108 682 134 735 ὁ
164 686 369 755 φεύγων
399 685 697 753 ἀπέφευγεν.
750 687 964 748 (Calculi
993 689 1289 737 accusatoris
1327 697 1438 736 sunt
1467 690 1730 753 perforati,
1771 689 1840 737 rei
1868 707 1951 737 au-

107 781 204 820 tem
233 773 381 838 pleni.
423 772 518 831 Qui
547 778 711 819 autem
739 772 902 835 plnres
930 771 1135 820 haberet
1161 771 1402 832 calculos,
1438 773 1475 819 is
1504 772 1747 821 vincebat.
1788 772 1953 832 Quum

110 873 227 904 vero
254 855 360 920 pari
387 862 552 903 essent
578 872 810 916 numero,
852 872 962 902 reus
991 854 1385 912 absolvebatur.)

251 937 414 987 Schol.
442 938 493 985 in
523 936 837 1002 Aristophan.
866 937 988 985 Rau.
1018 937 1146 985 685:
1187 932 1316 983 ὅταν
1352 936 1452 982 ἴσαι
1484 936 1530 982 αἱ
1567 934 1727 999 ψῆφοι
1756 939 1948 1003 γένων-

108 1039 216 1078 ται,
246 1017 521 1068 ἀπολύεται
551 1013 578 1068 ὁ
608 1017 1066 1085 κατηγορούμενος.
1109 1020 1187 1080 (Si
1215 1022 1320 1086 pari
1349 1039 1553 1068 numero
1582 1022 1764 1070 fuerint
1789 1023 1949 1071 calcu-

108 1106 162 1166 li,
192 1105 465 1153 absolvitur
492 1106 645 1162 reus.)

890 1172 989 1225 Ad
1023 1173 1174 1225 747.

253 1284 429 1333 Pollux
458 1284 594 1345 VIII,
624 1284 716 1332 63:
757 1279 996 1346 ἀτίμητος
1023 1281 1171 1341 δίκη,
1213 1277 1274 1341 ἣν
1313 1279 1415 1331 οὐκ
1456 1284 1591 1331 ἔστιν
1631 1278 1951 1346 ὖποτιμήσα-

111 1369 263 1423 σθαι,
305 1363 433 1414 ἀλλά
461 1364 715 1413 τοσούτου
742 1368 1078 1429 ἔπιτε-τέμηται
1098 1403 1110 1422 ,
1152 1361 1277 1413 ὅσου
1314 1369 1685 1432 ἐπιγέγραπται.
1726 1367 1953 1428 (Inaesti-

109 1460 296 1499 matum
326 1451 594 1516 judicium,
647 1451 778 1516 quod
831 1451 984 1516 pluris
1037 1451 1298 1499 aestimare
1345 1470 1446 1499 non
1486 1452 1622 1513 licet,
1675 1451 1763 1499 sed
1802 1450 1952 1510 tanti⁷

111 1536 279 1598 quanti
307 1535 601 1600 inscriptum
630 1542 703 1582 est
730 1534 1058 1593 aestimatur.)

255 1617 533 1666 Scholiasta
570 1619 619 1665 in
660 1616 1012 1666 Demosthenis
1039 1616 1322 1666 Midianam.
1356 1618 1470 1679 523,
1504 1618 1525 1664 1
1561 1618 1704 1679 dicit,
1749 1616 1878 1682 quod
1906 1617 1954 1664 in

112 1701 316 1766 privatis
356 1701 523 1749 litibus
562 1702 667 1762 lex,
708 1702 756 1748 in
795 1700 1004 1766 publicis
1045 1708 1300 1748 accusator
1341 1701 1508 1749 fecerit
1551 1701 1953 1750 aestimationem.

110 1785 271 1849 Hujus
299 1785 566 1833 falsitatem
594 1784 807 1832 ostendit
834 1784 989 1833 Meier
1018 1793 1065 1832 et
1093 1784 1420 1833 Schoemann.
1463 1785 1588 1844 (Der
1614 1783 1816 1832 attische
1833 1784 1952 1831 Pro-

113 1885 218 1915 cess
246 1886 292 1933 p.
326 1868 466 1924 173.)

256 1950 332 1999 Cf.
376 1951 557 1999 Lexica
593 1950 795 2015 Seguer.
836 1969 881 2016 p.
911 1951 1012 1998 202
1042 1958 1090 1999 et
1114 1952 1230 1999 459.
1272 1950 1594 2000 Scholiastam
1622 1952 1672 1999 in
1700 1951 1951 1999 Demosth.

115 2034 369 2084 Calliclem
401 2035 550 2095 1278,
580 2035 659 2083 27.

893 2102 992 2155 Ad
1026 2104 1176 2156 750.

256 2213 541 2263 Falsitatem
569 2213 711 2279 hujus
738 2214 862 2277 legis
890 2213 1146 2262 ostendere
1172 2221 1377 2261 conatur
1415 2213 1686 2262 Platner
1702 2232 1768 2261 us
1808 2214 1954 2273 (Pro-

114 2315 218 2347 cess
246 2299 280 2347 I.
311 2316 356 2363 p.
386 2298 543 2359 205);
582 2296 666 2345 sed
693 2298 965 2359 incassum3
1006 2315 1120 2345 nam
1160 2297 1251 2344 loci
1287 2296 1475 2344 classici
1504 2297 1564 2345 ab
1593 2297 1675 2344 illo
1703 2296 1837 2344 citati
1864 2296 1955 2344 hoc

114 2387 304 2429 tantum
345 2380 582 2447 probant,
624 2381 674 2428 in
714 2381 965 2429 nonnullis
1005 2380 1199 2429 casibus
1239 2397 1327 2445 per
1365 2381 1494 2445 ipsas
1535 2380 1667 2443 leges
1707 2379 1956 2444 duplicem

116 2464 264 2511 fuisse
305 2465 621 2513 constitutam
661 2482 887 2529 poenam.
953 2465 1058 2513 Lex
1097 2471 1259 2512 autem
1300 2474 1461 2511 nostra
1506 2463 1648 2523 dicit,
1688 2463 1956 2527 judices

115 2564 215 2594 non
243 2564 387 2612 posse
417 2548 664 2612 duplicem
695 2548 877 2596 dictare
907 2565 1132 2613 poenam.

898 2675 996 2728 Ad
1025 2678 1063 2727 7
1071 2676 1176 2727 54.

259 2773 435 2824 Suidas
476 2791 511 2822 s,
541 2792 584 2822 v.
619 2769 937 2836 Ἐπωβελία.·
976 2773 1102 2822 Cum
1141 2771 1278 2820 multi
1320 2772 1476 2820 bonos
1518 2778 1566 2819 et
1604 2771 1794 2836 quietos
1822 2771 1954 2820 cives

116 2859 439 2924 pecuniarum
473 2875 621 2906 causa
660 2857 1103 2915 calumniarentur,
1145 2873 1260 2921 prae
1302 2855 1474 2903 ceteris
1514 2862 1677 2902 autem
1716 2854 1746 2902 ii
1785 2855 1866 2920 qui
1907 2855 1955 2904 in

117 2948 333 2990 mercatu
367 2940 694 2990 versabmitur
721 2949 767 2988 et
793 2940 988 2988 nautico
1018 2941 1188 2988 fenore
1229 2938 1489 3003 pecuniam
1527 2936 1821 2998 credebant,
1862 2936 1955 2986 hoc

119 3026 313 3073 nomine
342 3025 466 3073 male
495 3023 742 3083 audirent3
782 3021 1109 3071 Athenienses
1148 3021 1376 3069 mulctam
1417 3028 1692 3069 statuerunt
1730 3021 1782 3069 in
1814 3037 1954 3069 accu-

120 3114 332 3167 satores,
373 3110 438 3156 ita
466 3116 515 3156 ut
542 3107 742 3155 obolum
771 3107 1137 3171 persolverent,
1179 3104 1269 3151 nisi
1312 3122 1419 3152 reos
1455 3105 1792 3168 peregissent,
1834 3120 1955 3167 quos

121 3201 415 3240 accusarent.
456 3192 597 3240 Hanc
624 3189 772 3251 igitur
801 3195 1040 3237 vocarunt
1067 3187 1361 3248 ἕπτ’)βελίανκ

262 3272 411 3321 Teste
450 3273 711 3321 scholiasta
746 3271 794 3318 in
825 3270 1050 3319 Aeschin.
1079 3269 1323 3317 Timarch.
1355 3269 1469 3331 163,
1509 3269 1671 3334 legem
1712 3269 1838 3316 hanc
1867 3265 1954 3316 Ar-

123 3353 296 3402 ehinus
322 3357 530 3418 rogavit.

1620 3436 1673 3477 33
