2114 3642
636 281 1042 314 COMMENTARws
1072 282 1138 316 AD
1168 281 1271 318 1396.
1303 281 1404 316 1399.
1837 270 1939 317 613

102 410 201 458 riae
222 409 304 474 jus
333 411 395 458 ob
425 409 839 476 propinquitatem
871 428 930 458 ne
971 416 1075 459 esto
1109 411 1188 460 vel
1215 429 1461 462 sacrorum
1493 412 1569 461 vel
1597 411 1943 478 profanorum;

99 493 160 542 ab
189 493 391 542 Euclide
420 493 700 553 archonte.)

242 574 601 641 Aristophanes
641 576 789 626 citato
829 578 935 627 loco
975 587 1143 644 aperte
1183 579 1338 638 dicit,
1394 580 1520 629 hanc
1558 579 1754 629 Solonis
1794 579 1942 628 fuisse

100 661 276 724 legem.

870 729 968 782 Ad
996 731 1183 783 1396.

243 839 403 889 Schol.
432 841 482 887 in
510 837 757 904 Aristoph.
790 838 916 888 Aves
951 840 1108 887 1656:
1151 837 1304 902 νόμος
1333 834 1394 897 ἦν
1422 837 1691 897 Ἀττικός,
1722 846 1824 895 τοῖς
1854 836 1942 887 νό-

102 926 215 976 θοις
238 924 386 985 μέχρι
415 923 555 968 πέντε
577 918 726 982 μνῶν
752 919 1176 983 καταλιμπάνειν.
1206 961 1212 967 .
1246 962 1253 971 ,
1286 961 1292 968 .
1329 920 1398 969 Τὸ
1440 920 1687 989 ἀργύριον
1722 928 1823 978 τοῖς
1852 921 1940 970 vo-

104 1010 217 1061 θοις
245 1002 327 1052 διὰ
352 1002 524 1068 χειρὸς
552 1002 778 1061 ἐδίδουν,
815 1002 980 1061 ἐπειδὴ
1012 1001 1113 1052 οὐκ
1141 1004 1257 1063 ἐξῆν
1285 1002 1457 1062 αὐτοῖς
1486 1009 1934 1073 συγκληρονομεῖν.

99 1092 231 1151 (Lex
259 1098 362 1140 erat
389 1089 551 1140 Attica
579 1097 633 1138 ut
659 1089 834 1154 spuriis
871 1089 1087 1154 quinque
1128 1089 1188 1138 ad
1230 1108 1473 1140 summum
1512 1092 1671 1140 minae
1700 1091 1940 1156 relinque-

99 1182 279 1224 rentur.
310 1213 317 1222 .
348 1213 356 1223 .
388 1213 395 1222 .
426 1174 692 1223 Pecuniam
720 1191 838 1222 vero
868 1174 1045 1239 spuriis
1075 1173 1134 1222 ad
1163 1193 1336 1225 manus
1366 1175 1576 1229 dabant,
1618 1175 1731 1239 quia
1757 1192 1856 1224 non
1884 1176 1938 1225 Ιί-

98 1259 242 1308 cebat
268 1257 325 1307 iis
352 1256 675 1307 coheredibus
702 1260 852 1317 esse.)

865 1373 962 1427 Ad
991 1374 1174 1428 1399.

241 1487 463 1533 Isaeus
503 1483 575 1531 de
616 1483 998 1533 Philoctem.
1041 1484 1162 1533 her.
1204 1483 1247 1550 ξ.
1278 1486 1335 1532 9:
1377 1485 1512 1533 Haec
1553 1484 1630 1532 lex
1668 1485 1939 1532 communis

98 1569 324 1619 omnibus
352 1569 450 1617 fixa
477 1575 574 1625 est,
616 1566 947 1632 p1·aecipienS‚
989 1569 1189 1618 cuilibet
1227 1568 1372 1617 licere
1412 1568 1472 1617 de
1513 1568 1657 1615 bonis
1699 1566 1796 1615 suis
1825 1584 1937 1615 con-

96 1654 322 1711 stituere,
363 1652 500 1717 prole
541 1651 760 1699 mascula
793 1652 1006 1709 carenti,
1048 1652 1139 1701 nisi
1168 1652 1205 1701 si
1236 1653 1361 1701 forte
1390 1652 1595 1700 furiosus
1623 1651 1685 1699 sit
1711 1658 1794 1700 aut
1821 1667 1939 1715 prae

95 1736 234 1786 senio
261 1743 343 1784 aut
372 1751 461 1800 per
488 1734 633 1782 aliam
673 1734 956 1798 quampiam
995 1752 1192 1784 causam
1228 1735 1403 1784 mentis
1433 1751 1606 1800 parum
1633 1734 1695 1783 sit
1721 1751 1936 1799 compos.

239 1829 394 1879 Ibid.
421 1827 463 1894 ξ
493 1829 585 1876 28;
627 1830 785 1878 Nemo
814 1829 979 1879 liberis
1006 1831 1234 1893 genuinis
1263 1831 1529 1894 quidquam
1557 1847 1644 1894 per
1672 1837 1936 1878 testamen-

95 1923 197 1962 tum
225 1914 384 1976 legat,
414 1912 526 1977 quia
551 1911 629 1960 lex
658 1911 757 1960 filio
787 1913 938 1977 patris
966 1912 1097 1961 bona
1125 1913 1347 1977 delegat,
1376 1920 1664 1978 patremque
1692 1913 1768 1961 cui
1796 1912 1935 1962 liberi

93 1989 294 2061 genuini
323 1996 446 2056 sint,
487 2012 583 2042 non
612 1994 726 2043 sinit
753 2011 837 2060 per
864 2003 1207 2046 testamentum
1238 1996 1543 2045 constituere.

238 2089 566 2139 Plutarch.
609 2088 821 2138 Solon.
866 2091 923 2138 21
950 2110 957 2136 ς
999 2091 1103 2139 Lex
1144 2090 1202 2138 de
1233 2090 1538 2139 testamentis
1567 2089 1662 2139 lata
1690 2089 1816 2139 laudi
1848 2090 1934 2140 So-

94 2175 194 2224 loni
223 2174 340 2236 fuit3
379 2180 492 2222 ante
533 2173 663 2222 enim
702 2173 868 2222 testari
909 2174 1089 2222 licebat
1128 2174 1335 2234 nemini,
1379 2173 1465 2222 sed
1493 2190 1694 2222 necesse
1722 2182 1826 2223 erat
1852 2192 1934 2240 pe-

95 2258 289 2307 cuniam
317 2265 366 2306 et
391 2256 591 2306 domum
623 2256 672 2304 in
713 2255 899 2305 familia
939 2257 1161 2306 defuncti
1197 2273 1501 2323 permanere.
1555 2256 1619 2307 At
1645 2256 1797 2306 Solon
1824 2274 1933 2323 per-

94 2343 294 2391 mittens
322 2348 374 2390 ut
400 2340 439 2389 is
467 2339 549 2404 qui
577 2338 742 2388 liberis
781 2347 991 2400 careret,
1033 2358 1121 2389 sua
1147 2340 1222 2389 cui
1251 2339 1400 2389 vellet
1427 2340 1640 2404 legaret,
1676 2340 1935 2390 amicitiam

96 2423 523 2488 consanguinitate
551 2422 794 2487 potiorem
820 2423 1003 2472 habuit.
1057 2426 1169 2473 Non
1204 2431 1369 2472 tamen
1397 2424 1584 2488 absque
1610 2424 1739 2472 omni
1769 2425 1932 2473 condi-

94 2509 226 2558 tione
254 2506 450 2570 legandi
477 2506 676 2572 plenam
702 2507 947 2556 licentiam
974 2508 1191 2568 admisit,
1220 2508 1305 2557 sed
1334 2509 1439 2574 ejus
1465 2507 1615 2556 modo
1642 2516 1799 2558 ratum
1826 2525 1932 2558 esse

96 2598 439 2640 testamentum
475 2590 655 2649 voluit,
697 2591 777 2655 qui
819 2609 919 2640 non
957 2591 1154 2651 morbo,
1201 2592 1460 2651 veneficio,
1502 2591 1735 2651 vinculis,
1776 2592 1933 2642 aliave

97 2675 388 2724 necessitate
416 2682 638 2733 coact11S‚
679 2682 762 2724 aut
791 2676 954 2724 uxoris
981 2675 1292 2724 svasionibus
1320 2675 1574 2732 inductus,
1614 2675 1660 2723 id
1689 2675 1931 2725 condidis-

95 2765 193 2819 set3
231 2766 362 2807 recte
388 2756 649 2806 admodum
676 2765 724 2805 et
751 2758 1108 2807 convenienter
1128 2758 1384 2824 judicanS‚
1428 2758 1548 2807 nihil
1576 2759 1811 2808 interesse
1837 2760 1931 2809 dis-

96 2841 335 2901 criminis,
377 2840 792 2906 persvadeaturne
822 2841 967 2890 alicui
994 2858 1134 2891 secus
1177 2860 1325 2906 quam
1367 2840 1617 2906 expediat,
1657 2860 1719 2892 an
1747 2860 1866 2893 vero
1893 2845 1932 2893 is

96 2931 324 2991 cogatur,
364 2923 635 2988 eodemque
675 2942 876 2973 numero
918 2924 1105 2974 habens
1145 2925 1366 2974 fraudem
1395 2924 1792 2991 voluptatemque
1820 2944 1931 2976 cum

96 3010 387 3060 necessitate
415 3015 463 3055 et
489 3007 686 3069 morbo3
726 3008 857 3072 quod
897 3009 946 3057 in
986 3008 1313 3074 pervertenda
1351 3008 1563 3058 hominis
1603 3010 1790 3059 ratione
1825 3019 1927 3060 tan-

95 3093 299 3145 tundem
324 3099 526 3156 utraque
555 3092 786 3141 valerent.

239 3177 424 3240 Legem
463 3175 587 3224 hanc
628 3174 805 3225 Graeci
847 3193 998 3242 usque
1038 3175 1099 3224 ad
1142 3175 1410 3225 adventum
1452 3177 1580 3241 regis
1606 3176 1803 3227 Ottonis
1841 3195 1928 3244 per

95 3261 302 3324 longam
340 3259 615 3309 seculorum
654 3260 829 3308 seriem
869 3259 1214 3309 observabant.
1262 3258 1339 3309 Cf.
1379 3259 1567 3310 Geib:
1608 3261 1928 3325 Darstellung

96 3342 182 3390 des
197 3342 642 3391 Rechtszustandes
670 3343 717 3390 in
732 3342 1096 3393 Griechcnland
1113 3343 1348 3393 wahl-end
1372 3343 1459 3394 der
1480 3344 1762 3395 tiirkischen
1779 3344 1925 3392 Herr-

97 3427 255 3478 schaft
278 3427 375 3477 und
397 3428 470 3477 bis
490 3446 575 3477 zur
594 3427 821 3478 Ankunft
846 3428 932 3479 des
960 3430 1152 3495 Ko'nigs
1180 3430 1297 3481 Otto
1325 3431 1360 3481 I.
1389 3430 1719 3492 (Heidelberg
1739 3427 1915 3488 1835.)
