2114 3642
625 242 1031 273 COMMEN'rARms
1063 241 1128 271 Αῐ)
1158 239 1237 277 216.
1266 241 1347 274 217.
1375 240 1456 274 219.
1485 239 1567 274 222.
1917 227 2014 273 451

322 368 745 432 Eligebanturque
775 386 798 416 e
827 385 977 417 censu
1005 370 1134 418 mille
1162 370 1274 431 viri,
1306 370 1386 434 qui
1417 369 1581 418 onmia
1606 367 2018 418 administrarent.

180 451 600 511 (Heraclides
638 453 767 500 Pon
784 459 815 499 t.
853 450 910 500 de
940 453 1038 502 reb.
1069 452 1202 518 publ.
1234 455 1313 514 25,
1344 454 1417 513 4.)

963 590 1061 645 Ad
1102 594 1240 645 216.

319 704 497 754 Pollux
524 703 659 765 VIII,
691 704 786 752 94:
826 703 1220 772 Nomophylaces
1260 704 1415 753 fascia
1454 705 1566 754 alba
1605 709 1931 763 coronantur,
1975 709 2019 750 et

176 804 407 853 pompam
440 789 575 836 Deae
616 787 830 835 mittunt.
882 787 1117 838 Assident
1155 806 1271 838 vero
1314 805 1426 838 cum
1465 787 1772 854 praesidibus
1810 786 1861 834 in
1901 802 2015 834 con-

176 871 341 930 cione,
369 871 607 919 nonnulla
634 870 880 934 suffragiis
910 871 1106 920 decerni
1134 871 1471 937 prohibentes,
1502 887 1824 935 quaecunque
1851 868 2014 918 minus

176 954 313 1002 utilia
339 953 533 1003 fuerint.

317 1047 494 1097 Suidas
521 1067 618 1098 s.v.
648 1048 694 1095 οἱ
722 1045 1111 1111 νομοφύλακεςε
1141 1050 1237 1110 Qui
1254 1048 1433 1098 fuerint
1451 1048 1838 1113 nomophylaces
1867 1063 2011 1113 quae-

175 1131 310 1180 ritur.
362 1131 598 1181 Nonnulli
625 1140 858 1198 putarunt
886 1132 1085 1182 eosdem
1113 1149 1218 1182 esse
1245 1149 1355 1181 cum
1382 1130 1735 1180 thesmothetis.
1791 1130 1887 1180 Sed
1914 1148 2013 1179 non

175 1215 243 1262 ita
282 1223 367 1264 est.
431 1217 560 1266 Nam
599 1217 955 1266 thesmothetae
1009 1218 1170 1283 patrio
1215 1217 1308 1265 ritu
1356 1217 1575 1265 coronati
1615 1216 1664 1263 in
1705 1215 2018 1280 Areopagum

176 1298 539 1363 ascendebant3
590 1301 976 1366 nomophylaces
1019 1319 1136 1349 vero
1178 1299 1339 1348 fasciis
1379 1299 1501 1348 albis
1542 1300 1834 1360 utebantur,
1886 1306 1932 1348 et
1971 1300 2018 1347 in

176 1383 466 1446 spectaculis
507 1402 531 1433 e
572 1385 774 1448 regione
825 1402 1005 1433 novem
1055 1383 1345 1433 archontum
1390 1383 1439 1431 in
1479 1383 1611 1431 sellis
1656 1381 1904 1431 curulibus
1947 1399 2018 1430 se-

178 1464 375 1514 debant

320 1549 393 1598 Cf.
420 1540 602 1599 Lexica
629 1549 827 1614 Seguer.
856 1570 902 1617 p.
933 1551 1050 1601 283.

961 1680 1060 1733 Ad
1101 1681 1239 1732 217.

318 1788 490 1839 Cicero
515 1789 574 1838 de
601 1790 749 1854 legib.
780 1790 825 1852 3,
855 1791 948 1838 20:
989 1791 1214 1854 „Legum
1240 1787 1514 1838 custodiam
1541 1785 1726 1834 nullam
1753 1785 2017 1834 habemus:

175 1873 339 1937 itaque
366 1873 457 1921 hae
486 1873 618 1937 leges
645 1879 784 1935 sunt,
828 1891 946 1937 quas
975 1873 1283 1939 apparitores
1323 1870 1475 1919 nostri
1515 1869 1715 1918 volunt:
1757 1886 1784 1916 a
1809 1867 2017 1917 librariis

176 1957 409 2022 petimus:
449 1955 657 2022 publicis
685 1956 836 2004 literis
866 1957 1208 2020 consignatam
1242 1954 1528 2003 memoriam
1556 1952 1807 2018 publicam
1835 1952 2019 2001 nullam

176 2039 425 2089 habemus.
478 2039 658 2089 Graeci
686 2040 776 2088 hoc
804 2040 1109 2105 diligentius,
1149 2040 1281 2105 apud
1309 2056 1431 2104 quos
1462 2032 1821 2099 νομοφύλακες
1848 2053 2015 2085 crean-

175 2131 278 2172 tur:
317 2141 407 2172 nec
434 2124 465 2171 ii
493 2124 651 2172 solum
679 2125 844 2173 literas
887 2126 1029 2185 [nam
1055 2124 1103 2172 id
1133 2124 1328 2188 quidem
1356 2131 1402 2171 et
1430 2121 1562 2187 apud
1589 2121 1797 2169 maiores
1825 2126 2016 2167 nostros

176 2208 334 2269 erat),
375 2207 460 2268 sed
502 2207 648 2255 etiam
688 2208 820 2257 facta
847 2207 1103 2257 hominum
1129 2206 1488 2266 observabant,
1525 2204 1586 2253 ad
1614 2204 1849 2268 legesque
1875 2220 2015 2251 revo-

176 2291 369 2340 cabant.
423 2290 559 2340 Haec
587 2289 729 2340 detur
756 2308 870 2339 cura
897 2291 1196 2340 censoribus,
1832 2292 1840 2300 ”

959 2431 1058 2484 Ad
1099 2433 1237 2484 219.

318 2542 495 2591 Pollux
536 2541 671 2603 VIII,
712 2544 776 2590 99
819 2559 930 2591 cum
977 2542 1319 2592 emendatione
1362 2539 1568 2589 B'ockhii
1623 2536 1835 2599 (Oecon.
1878 2536 2013 2602 publ.

177 2626 354 2677 Athen.
384 2627 419 2675 I.
447 2644 494 2690 p.
524 2626 678 2685 271):
723 2626 783 2671 Οἱ
813 2622 863 2671 δὲ
891 2618 1112 2672 εὔθυμοι
1150 2619 1275 2682 ἦσαν
1304 2620 1426 2670 δέκα
1454 2622 1732 2683 κληρωτοί,
1774 2622 1860 2666 καὶ
1889 2617 2014 2666 τού-

176 2728 276 2756 των
304 2705 550 2771 πάρεδροι.
608 2710 902 2769 (Exactores
943 2718 1080 2759 erant
1121 2709 1287 2758 decem
1326 2715 1454 2756 sorte
1497 2706 1608 2754 lecti
1651 2712 1698 2752 et
1736 2704 1910 2753 horum
1940 2722 2013 2752 as-

177 2794 435 2852 sessores.)

320 2876 394 2926 Cf.
422 2875 584 2926 Schol.
611 2876 662 2925 in
690 2876 880 2926 Platon.
911 2894 957 2942 p.
986 2876 1102 2924 459.
1131 2874 1203 2924 ed.
1232 2874 1441 2923 Bekker.

907 3092 919 3103 ,
956 3028 1054 3080 Aa
1083 3028 1234 3080 222.

319 3139 429 3189 Hoc
469 3139 591 3187 forte
630 3138 797 3186 seriori
836 3145 996 3187 aetate
1037 3137 1262 3198 valebat,
1301 3152 1414 3183 nam
1456 3135 1507 3182 in
1536 3133 1880 3183 Demosthenis
1908 3147 2011 3178 ora=

179 3222 310 3269 tione
339 3240 426 3287 pro
454 3222 648 3271 Corona
677 3223 749 3285 (p.
779 3221 907 3280 235)
947 3220 1064 3268 dicit
1099 3219 1376 3268 decretum:
1416 3212 1535 3269 τούς
1554 3217 2012 3280 χειροτονηθεί’τας

182 3304 456 3367 (πρέσβεις)
485 3300 762 3365 ἀποδημεῖν
783 3299 1038 3364 ιιιηδεμίαικ
1066 3294 1362 3363 ὑπερβολὴν
1395 3302 1740 3361 ποιουμένους.
1798 3297 2014 3358 (Delecti

180 3387 328 3451 legati
353 3390 725 3452 proficiscantur
750 3387 885 3436 nulla
911 3403 1049 3436 mora
1075 3385 1405 3451 interposita.)

1649 3464 1734 3506 29·τὲ
