2114 3642
206 226 306 273 604
733 238 1137 271 COMMENTARNJS
1167 237 1234 266 AD
1266 231 1367 268 1359.
1400 234 1500 268 1369.

206 368 301 417 rias
330 386 426 417 non
455 387 595 434 posse
625 368 752 414 113110
780 364 1017 430 applicari
1046 363 1232 426 legem,
1274 363 1589 428 intelligimus
1625 380 1682 412 ex
1711 381 1768 411 eo
1797 363 1924 428 quod
1954 362 2040 412 So-

204 451 288 499 lon
315 451 518 511 mulieri,
549 466 670 513 quae
700 446 797 496 filia
824 447 1121 496 hereditaria
1147 446 1261 505 fuit,
1290 446 1593 511 permiserit,
1623 446 1659 493 si
1689 446 1891 494 maritus
1920 446 2039 510 ejus,

206 534 286 598 qui
315 535 357 582 ei
385 532 655 582 secundum
682 530 843 594 legem
870 530 1063 594 obtigit,
1092 530 1220 579 coire
1247 547 1346 578 non
1373 529 1637 594 potuisset,
1668 547 1771 578 rem
1798 546 1907 577 cum
1936 530 2040 593 ejus

204 616 491 681 propinguis
520 613 727 675 habere3
766 621 819 661 ut
848 614 942 662 hoc
969 612 1113 662 modo
1141 612 1325 671 mariti,
1361 613 1442 677 qui
1482 630 1555 678 pe
1573 612 1804 660 cuniae
1845 629 2042 661 causa

203 700 463 748 dotatas
503 696 746 745 ducunt
784 697 1096 745 mulieres
1149 691 1456 757 (χρημάτων
1491 698 1643 741 ἕνεκα
1682 690 2040 757 λαμβάνοντας

202 777 555 841 ἐπικλήρους),
597 797 708 828 011111
748 780 986 829 dedecore
1021 787 1341 846 permaneant
1366 780 1415 827 in
1445 779 1684 845 ejusmodi
1712 779 2038 837 matrimonio,

202 863 436 912 avaritiae
463 862 770 928 injuriaeque
797 880 985 928 poenas
1014 862 1190 912 dantes
1219 858 1615 923 (μετάἰσχύνης
1641 863 1920 919 καθέξουσι
1949 879 2038 920 φι-

201 945 503 999 λοπλουτίας
529 947 619 991 καὶ
648 940 839 1008 ὕβρεως
867 943 1019 1002 δίκην
1047 942 1308 1006 διδόντες).
1343 945 1576 995 Solonem
1604 963 1703 995 non
1730 945 2038 1012 prohibuisse

199 1029 364 1078 dotem
392 1029 603 1078 filiarum
631 1029 1063 1090 hereditariarum,
1112 1029 1197 1077 sed
1237 1028 1431 1077 illarum
1469 1046 1591 1093 quae
1633 1031 1754 1078 tales
1791 1047 1893 1077 non
1922 1029 2037 1078 fuis-

198 1119 327 1173 sent,
368 1119 505 1177 patet
533 1130 557 1160 e
585 1112 749 1161 verbis
776 1112 1026 1160 Plutarchi
1056 1111 1232 1172 (Solon
1261 1113 1380 1172 20J:
1408 1108 1512 1157 τῶν
1539 1108 1582 1157 δ’
1611 1105 1644 1157 ἄ
1659 1113 1684 1158 λ
1701 1113 1726 1157 λ
1747 1130 1783 1156 ω
1802 1128 1830 1157 ν
1862 1108 2039 1177 γάμων

198 1191 372 1254 ἀφεῖλε
398 1190 487 1249 τοὶς
515 1191 713 1256 φερνάς.
765 1194 1064 1261 Opinionem
1090 1195 1219 1243 hanc
1245 1213 1345 1243 11011
1374 1195 1548 1244 evertit
1575 1195 1654 1244 lex
1683 1194 1878 1244 Solonis
1907 1194 2038 1260 apud

198 1278 581 1328 Demosthenem
610 1278 719 1327 adv.
748 1278 1073 1328 Macartatum
1104 1279 1265 1340 1068,
1306 1278 1367 1327 ad
1406 1296 1552 1343 quam
1592 1277 1743 1327 Meier
1769 1280 1899 1339 (Der
1926 1279 2035 1326 atti·

198 1361 311 1410 sche
339 1362 544 1410 Process
572 1380 618 1426 p.
649 1362 777 1421 417)
806 1370 1068 1426 provocat,
1110 1362 1155 1409 vi
1184 1362 1322 1427 cujus
1350 1362 1501 1410 filiam
1529 1362 1701 1410 orbam
1725 1362 1878 1410 infimi
1907 1361 2033 1410 ordi-

197 1444 298 1505 nis,
338 1445 486 1507 vulgo
517 1442 745 1501 θῆσσαν,
786 1462 969 1508 genere
1010 1447 1264 1511 proximus
1306 1445 1418 1494 dote
1458 1445 1573 1494 data
1611 1443 1851 1494 collocare
1889 1444 2033 1494 debe·

197 1527 294 1576 bat.
347 1529 475 1577 Nam
515 1535 561 1576 et
598 1527 685 1576 has
724 1529 803 1577 lex
842 1529 926 1577 illa
960 1529 1278 1578 hereditarias
1318 1529 1550 1594 appellat.
1611 1525 1727 1574 Τῶν
1765 1523 2035 1584 ἐπικλή-

197 1628 276 1672 ρω
296 1631 323 1660 ιι
361 1605 476 1656 ὅσαι
508 1606 729 1666 θητικὸν
755 1600 1002 1657 τελοῦσιν.
1045 1642 1111 1648 --
1151 1613 1300 1661 Nulla
1338 1612 1488 1676 igitur
1522 1611 1659 1660 adest
1685 1630 1834 1661 causa
1860 1612 2035 1677 legem,

197 1711 343 1757 quam
370 1693 663 1743 Plutarchus
690 1694 738 1742 in
780 1695 881 1742 vita
908 1694 1105 1743 Solonis
1147 1698 1280 1761 (cap.
1313 1696 1407 1755 20)
1452 1702 1715 1754 memorat,
1754 1696 1804 1743 in
1833 1694 2036 1743 dubium

196 1777 432 1839 vocandi,
474 1794 768 1843 quamquam
807 1780 923 1827 satis
963 1786 1154 1828 constet
1193 1779 1327 1828 illam
1368 1779 1537 1828 seriori
1572 1786 1731 1828 aetate
1761 1796 1858 1828 non
1886 1779 2035 1828 fuisse

194 1861 520 1909 observatam.

335 1943 408 1993 Cf.
435 1944 626 1993 Becker
652 1944 915 1994 Charicles.
945 1946 1029 1995 III.
1058 1965 1104 2012 p.
1134 1947 1250 1994 295.

338 2039 479 2104 Apud
507 2041 919 2091 Lacedaemonios
947 2060 1157 2106 sponsae
1188 2043 1374 2092 nullam
1399 2042 1708 2107 accipiebant
1734 2041 1910 2090 dotem.
1951 2042 2029 2089 In-

194 2130 468 2188 terrogatus
506 2132 671 2173 autem
711 2126 972 2191 Lycurgus
1013 2144 1097 2174 cur
1135 2126 1350 2190 virgines
1390 2127 1494 2174 sine
1535 2125 1646 2174 dote
1688 2132 1895 2190 nuptum
1929 2123 2030 2173 dari

188 2205 434 2269 jussisset,
476 2208 756 2272 respondit:
794 2226 855 2258 ne
896 2209 973 2258 vel
1015 2211 1077 2258 ob
1120 2211 1335 2275 inopiam
1373 2210 1566 2274 aliquae
1606 2216 1862 2258 manerent
1887 2209 2029 2257 innu—

192 2295 333 2354 ptae,
374 2290 453 2338 vel
478 2296 682 2356 propter
709 2308 829 2357 opes
857 2300 1232 2357 expete1·entur;
1272 2293 1356 2342 sed
1391 2293 1549 2358 quivis
1576 2293 1626 2340 in
1652 2309 1809 2341 mores
1836 2292 2028 2356 puellae

189 2372 412 2430 intuens,
453 2373 686 2422 virtutem
723 2374 775 2422 in
814 2374 1006 2423 delectu
1047 2384 1343 2441 sequeretur.
1397 2374 1753 2436 (Plutarch.
1793 2375 2026 2440 apoph-

192 2453 419 2519 thegm.
460 2455 663 2505 lacon.
703 2456 976 2522 Lycurg.
1017 2458 1123 2518 15.)

331 2537 567 2588 Herodot.
596 2541 632 2601 I,
662 2541 755 2589 93:
800 2538 906 2587 Τοῦ
935 2539 1123 2588 Λυδῶν
1164 2539 1324 2603 δήμου
1363 2542 1410 2588 αἱ
1449 2542 1718 2607 θυγατέρες
1745 2537 2026 2602 πορνεύον-

189 2638 271 2665 ται
301 2618 483 2678 ῑτᾶσαι,
524 2624 854 2688 συλλέγουσαι
884 2625 1023 2684 σφίσι
1054 2621 1270 2687 φερνάς,
1310 2627 1356 2679 ἐς
1385 2618 1414 2671 ὃ
1441 2619 1506 2671 ἂν
1534 2620 1871 2680 συνοικήσωσι
1899 2621 2025 2670 τοῦ-

189 2721 246 2748 το
274 2704 504 2752 ποιὰ-ὗσαι
523 2720 533 2731 ·
572 2703 833 2753 ἐκδιδόασι
862 2705 910 2755 δὲ
943 2704 1095 2755 αὐταὶ
1124 2706 1322 2764 ἑωυτάς.
1373 2710 1550 2770 (Filiae
1577 2709 1750 2774 populi
1777 2708 2024 2773 Lydorum

190 2789 560 2839 meretricantur
586 2808 780 2851 omnes,
822 2791 984 2841 dotem
1012 2793 1104 2841 sibi
1139 2794 1451 2858 colligentes,
1492 2793 1682 2857 hocque
1724 2792 1912 2841 faciunt
1939 2791 2022 2841 do-

191 2887 278 2918 nec
305 2879 543 2937 nupturae
573 2882 700 2923 sunt.
753 2873 815 2923 Se
843 2882 1005 2924 autem
1032 2875 1167 2940 ipsae
1195 2876 1245 2924 in
1272 2876 1631 2926 matrimonium
1659 2876 1896 2934 elocant.)

951 3014 1049 3068 Ad
1073 3016 1262 3069 1369.

331 3119 387 3166 In
414 3119 506 3169 hac
533 3131 671 3186 parte
703 3126 857 3189 major
896 3134 1001 3174 erat
1036 3127 1314 3175 humanitas
1343 3126 1643 3176 Graecorum
1671 3144 1816 3190 quam
1844 3127 2017 3175 Roma·-

186 3219 372 3250 norum.
412 3202 649 3253 Romulus
676 3208 806 3256 enim
835 3209 1008 3258 duram
1036 3210 1170 3258 illam
1197 3211 1356 3273 legem
1384 3210 1516 3271 tulit,
1553 3227 1675 3274 quae
1702 3210 1891 3258 mulieri
1919 3227 2018 3259 11011

186 3284 422 3348 permittit
448 3286 696 3338 discedere
725 3309 752 3339 a
780 3292 979 3351 marito,
1023 3293 1260 3357 permittit
1298 3301 1460 3342 31110111
1499 3294 1672 3342 marito
1714 3293 1846 3342 illam
1875 3310 2017 3359 repu-

186 3366 329 3416 diare.
372 3368 729 3428 (Plutarch.
769 3374 1008 3424 Romul.
1048 3376 1157 3435 22.)
