2161 3673
292 239 389 287 176
1006 247 1086 279 ms
1112 245 1389 279 PUBLJCUM.

1072 426 1219 487 Μέρος
1250 429 1320 471 θ’.

1017 510 1094 554 ‘H
1139 529 1164 554 κ
1190 528 1216 554 υ
1237 529 1261 571 ρ
1285 512 1303 556 ι’
1323 531 1365 554 α.

1079 680 1113 721 Ρ
1129 694 1155 721 a
1171 694 1193 721 r
1206 694 1225 721 s
1269 681 1310 721 9.

944 763 1105 804 Dies
1156 761 1441 819 judicii.

1134 872 1249 921 715.

406 965 503 1018 ”Εν
541 989 592 1016 τε
631 975 733 1024 τοῖς
774 966 945 1032 νόμοις
987 968 1329 1034 γεγραμμένης
1380 965 1676 1029 τριακοστῆς
1715 960 1891 1029 ἡμέρας
1930 967 2102 1028 ἑτέραν

281 1049 399 1116 ημῖν
425 1049 598 1108 αὐτοῖς
625 1050 1033 1120 συγχωρήσαντες
1059 1052 1326 1113 τιθέμεθα,
1350 1047 1480 1113 παρά
1497 1069 1547 1097 τε
1563 1056 1666 1105 ταῖς
1683 1048 1859 1113 ἀρχαῖς
1875 1043 2102 1106 ἁπάσαις,

279 1140 368 1184 καὶ
396 1134 542 1191 δίκας
569 1140 659 1183 καὶ
686 1138 874 1200 κρίσεις
901 1132 1283 1200 ἀναβάλλονται
1311 1140 1413 1189 τοῖς
1446 1131 1727 1190 ἀντιδίκοις
1755 1135 1799 1181 οἱ
1830 1128 2101 1199 ἄρχοντες,

280 1218 712 1287 συγχωρησάντων
738 1221 950 1268 ἐκείνων
976 1215 1222 1277 ἀλλήλοις.

1037 1302 1315 1365 (Demosth.
1344 1301 1451 1352 adv.
1479 1302 1752 1369 Phaenipp.
1785 1300 1962 1362 1042.)

1135 1411 1250 1461 715.

420 1509 482 1556 Et
518 1507 709 1571 legibus
749 1506 996 1571 trigesima
1032 1506 1205 1571 judicii
1244 1507 1321 1556 die
1365 1507 1625 1573 praefinita
1663 1505 1809 1555 aliam
1847 1506 1975 1554 inter
2013 1523 2102 1554 nos

279 1591 593 1657 paciscimur,
623 1599 671 1639 et
697 1590 828 1655 apud
855 1590 1170 1656 magistratus
1198 1607 1366 1639 omnes
1393 1589 1683 1638 adversariis
1710 1590 1928 1639 actiones
1956 1596 2004 1637 et
2018 1589 2098 1654 ju-

280 1676 405 1723 dicia
430 1681 700 1741 prorogant
724 1674 1001 1739 praesideS,
1043 1674 1082 1722 si
1107 1673 1200 1739 ipsi
1226 1674 1352 1722 inter
1376 1690 1427 1723 se
1455 1674 1789 1723 convenerint.

1131 1781 1247 1830 716.

420 1879 578 1924 Καλεῖ
603 1869 629 1923 ὁ
660 1870 837 1937 ἄρχων
863 1877 929 1931 εἰς
954 1872 1012 1922 τὸ
1054 1872 1381 1939 δικαστήριον
1419 1869 1647 1930 ἅπαντας
1686 1873 1804 1931 τούς
1843 1873 2102 1942 ἀμφισβη-

278 1959 508 2017 τοῦντας,
1032 1960 1307 2021 (Demosth.
1336 1962 1386 2010 in
1415 1960 1752 2027 Olympiodor.
1784 1961 1960 2022 1174.)

1128 2067 1243 2117 716.

420 2162 619 2212 Archon
647 2178 815 2211 omnes
843 2161 1150 2211 adversarios
1176 2163 1227 2211 in
1253 2162 1415 2212 forum
1443 2164 1572 2213 citat.

1132 2269 1246 2318 717.

413 2359 527 2409 Ἐπὶ
555 2362 655 2410 τῶν
685 2361 938 2427 δημοσίων
964 2360 1178 2431 ἀγώνων
1205 2359 1265 2411 οὐ
1290 2361 1388 2427 χρὴ
1428 2361 1547 2420 τούς
1587 2362 1828 2420 δικαστάς
1855 2363 2097 2429 πρότερον

278 2443 337 2491 τά
377 2450 502 2493 καθ’
529 2450 716 2494 ἕκαστα
753 2445 838 2505 τῆς
875 2448 1176 2513 κατηγορίας
1214 2440 1487 2510 ὑπομένειν
1525 2444 1769 2505 ἀκούειν,
1812 2451 1928 2512 πρὶν
1967 2445 2096 2496 αὐτὸ

278 2525 334 2575 τὸ
379 2527 664 2590 κεφάλαιον
701 2529 793 2577 τοῦ
834 2527 1030 2597 ἀγῶνος
1069 2533 1159 2577 καὶ
1200 2527 1290 2589 τὴν
1327 2528 1644 2598 ἀντιγραφὴν
1691 2530 2011 2591 ἐξετάσωσιν,
2051 2533 2097 2579 εἰ

280 2614 412 2660 ἐστὶν
438 2616 497 2660 ἐκ
522 2613 624 2662 τῶν
652 2610 825 2677 νόμων
852 2609 882 2672 ἢ
901 2612 986 2676 μή.
1049 2615 1357 2681 (Hyperides
1382 2633 1470 2682 pro
1497 2617 1802 2683 Euxenippo.
1821 2613 1863 2682 ξ
1883 2618 1956 2676 4.)

1132 2722 1246 2771 717.

420 2816 477 2863 In
502 2817 711 2881 publicis
738 2817 894 2866 causis
921 2834 1020 2865 non
1047 2824 1192 2866 antea
1209 2817 1401 2882 judices
1428 2819 1632 2884 singulis
1649 2819 1968 2869 accusationis
1984 2836 2094 2885 par-

280 2895 408 2944 tibus
435 2915 600 2947 aurem
625 2901 864 2965 praebere
892 2899 1097 2960 debent,
1136 2917 1282 2964 quam
1320 2901 1480 2965 ipsum
1505 2920 1680 2952 causae
1708 2911 1856 2969 caput
1882 2910 1929 2951 et
1954 2920 2093 2951 accu-

281 2979 450 3027 satoris
488 2981 705 3032 libellum
728 2982 1158 3045 examinaverint,
1210 2990 1370 3032 utrum
1422 3001 1479 3033 ex
1519 2986 1627 3048 lege
1666 2986 1791 3034 actio
1830 2982 2096 3035 instruatur

282 3078 372 3110 nec
410 3079 483 3110 ne.

423 3227 530 3274 Δύο
555 3225 753 3290 βηματά
783 3233 912 3289 ἐστι,
957 3231 1048 3280 τοῦ
1089 3229 1376 3298 κατηγόρου
1405 3251 1492 3280 και
1523 3230 1613 3280 τοῦ
1642 3229 2089 3300 ἀπολογουμένου,

281 3312 369 3358 καὶ
396 3309 486 3357 τοὺ
517 3307 626 3363 ἑνὸς
653 3314 880 3377 λέγοντος
906 3320 1173 3373 καθίζεται
1203 3309 1229 3363 ὁ
1260 3320 1450 3379 ἕτερος,
1490 3321 1579 3371 ἕως
1603 3309 1664 3363 οὗ
1693 3316 1818 3379 εἴπῃ.

771 3398 952 3456 (Schol.
983 3401 1031 3448 in
1059 3400 1307 3449 Demosth.
1338 3402 1397 3450 de
1426 3401 1529 3450 fals.
1558 3401 1702 3466 legat.
1732 3401 1847 3465 378,
1877 3403 1950 3461 3.)
