2161 3673
928 246 1164 279 SENATUS‘.
1891 228 1960 276 19

126 379 263 430 culus
290 375 599 435 obtenditur,
638 372 991 438 tranquillitate
1029 389 1210 437 magna
1249 372 1493 422 solitarius
1532 369 1736 420 consilia
1776 377 1892 434 agat
1919 377 1967 419 et

136 480 305 513 omnes
333 479 358 511 e
384 459 547 509 medio
576 456 829 507 excedant.

259 612 492 682 Ἀνάγκη
517 609 609 670 τὴν
633 606 829 675 βουλὴν
853 606 945 667 τὴν
970 613 1020 667 ἐξ
1041 606 1249 672 Ἀρείου
1277 608 1442 676 πάγου
1469 605 1601 655 κατὰ
1631 604 1724 655 δύο
1750 604 1966 671 τρόπους

126 702 382 748 ποιεῖσθαι
408 693 495 751 τὰς
521 691 797 754 ἀποφάσεις
825 690 1009 748 πάσας·
1051 687 1157 750 ἤτοι
1198 689 1359 750 αὐτὴν
1397 693 1737 755 προελομένην
1761 693 1851 738 καὶ
1882 695 1966 750 ζη-

123 782 367 842 τήσασαν,
396 777 426 839 ἢ
451 777 543 827 τοῦ
573 776 733 841 δήμου
760 774 1132 839 προστάξαντος
1159 773 1303 838 αὐτῇ.

983 861 1241 921 (Dinarch.
1271 877 1310 908 c.
1337 859 1592 909 Demosth.
1623 856 1665 925 ξ.
1695 861 1821 918 50.)

1009 968 1088 1016 67.

263 1057 476 1106 Necesse
516 1057 667 1105 habet
706 1062 904 1104 senatus
930 1053 1308 1119 Areopagiticus
1350 1052 1543 1101 duobus
1583 1053 1762 1102 indicia
1801 1053 1966 1103 omnia

124 1140 303 1190 referre
330 1141 515 1189 modis:
555 1139 633 1188 vel
672 1146 846 1204 suapte
886 1137 1091 1187 consilio
1131 1136 1260 1185 facta
1294 1136 1611 1200 inquisitione
1640 1137 1718 1185 vel
1746 1154 1805 1186 ex
1831 1155 1964 1186 man-

123 1224 234 1273 dato
263 1224 449 1290 populi.

266 1375 369 1435 Τὴν
405 1373 601 1439 βουλὴν
644 1371 735 1432 τὴν
772 1376 827 1420 ἐν
846 1369 1032 1435 Ἀρείῳ
1072 1369 1218 1437 πάγῳ
1248 1367 1367 1437 πρὸς
1393 1368 1513 1425 τούς
1541 1369 1776 1437 λογιστὰς
1805 1370 1963 1439 λόγον

122 1464 210 1507 καὶ
240 1457 467 1513 εὐθύνας
496 1456 712 1505 διδόναι.
929 1456 1184 1517 (Aeschin.
1213 1457 1261 1503 in
1290 1454 1595 1520 Ctesiphont.
1624 1453 1667 1520 ξ.
1695 1457 1821 1515 20.)

263 1651 637 1718 Areopagiticus
664 1656 859 1698 senalus
887 1649 1100 1697 rationes
1143 1666 1254 1696 suas
1295 1647 1427 1712 apud
1461 1648 1739 1713 praefectos
1766 1649 1960 1698 ratioci-

123 1737 313 1784 niorum
348 1736 542 1785 referat.

905 1872 1189 1937 Τμῆμαβῖ

631 1968 704 2018 ‘H
766 1970 1107 2032 δευτέρα
1169 1968 1442 2033 βουλή.

915 2138 1077 2187 Sectio
1121 2139 1164 2187 2.

710 2235 1045 2284 Secundus
1084 2241 1366 2283 senatus.

264 2436 510 2499 Δευτίραν
536 2433 664 2483 εἶναι
692 2432 886 2498 βουλὴν
914 2431 1013 2481 ἀπὸ
1043 2433 1202 2495 φυλῆς
1231 2432 1466 2492 ἑκάστης,
1495 2431 1742 2496 τεττάρων
1771 2429 1958 2491 οὐσῶν,

123 2517 307 2566 ἑκατὸν
334 2513 518 2582 ἄνδρας
544 2521 922 2580 ἐπιλεχθέντας,
952 2514 1040 2573 οὓς
1068 2516 1434 2581 προβουλεύειν
1462 2516 1537 2564 δεῖ
1559 2515 1650 2563 τοῦ
1682 2515 1842 2579 δήμου
1868 2519 1959 2564 καὶ

115 2600 274 2664 μηδὲν
300 2601 391 2650 ἐᾶν
417 2599 836 2667 ἀπροβούλευτον
863 2603 932 2656 εἰς
958 2603 1241 2659 ἐκκλησίαν
1266 2603 1602 2664 εἰσφέρεσθαι.

581 2687 712 2748 (Lex
741 2685 937 2736 Solonis
965 2685 1099 2751 apud
1127 2685 1374 2736 Plutarch.
1403 2686 1453 2733 in
1481 2684 1665 2734 Solone
1698 2684 1815 2748 19.).

1004 2796 1085 2844 69.

262 2877 400 2928 Alter
439 2884 635 2926 senatus
677 2885 869 2928 constet
909 2896 933 2927 e
973 2877 1175 2927 delectis
1202 2875 1580 2941 uniuscuiusque
1608 2877 1793 2938 tribus,
1834 2893 1958 2941 quae

119 2968 326 3027 quatuor
353 2968 492 3021 sunt,
534 2962 651 3010 viris
679 2970 903 3023 centum,
944 2962 1026 3027 qui
1066 2968 1330 3024 antequam
1370 2959 1583 3024 populus
1623 2960 1860 3023 suffragia
1899 2959 1958 3007 de

118 3063 169 3093 re
197 3045 426 3110 quapiam
461 3045 620 3105 ineat,
662 3053 887 3094 auctores
931 3047 1079 3102 fiant,
1119 3059 1277 3106 neque
1318 3042 1369 3090 in
1409 3043 1644 3091 concione
1685 3043 1745 3092 de
1781 3060 1832 3090 re
1859 3043 1959 3091 ulla

120 3128 290 3177 referri
315 3128 488 3189 liceat⁷
529 3127 622 3176 nisi
650 3135 872 3178 auctores
898 3128 993 3193 ipsi
1020 3126 1134 3175 facti
1162 3125 1381 3174 fuissent.

266 3302 336 3351 Τὸ
353 3303 402 3351 δὲ
421 3302 780 3369 προβούλευμα
806 3301 991 3367 κύριόν
1017 3306 1152 3349 ἐστιν
1180 3295 1298 3363 ἄχρι
1326 3299 1588 3357 ἐνιαυτοῦ,
1610 3305 1734 3364 μεθ’
1764 3295 1792 3347 ὃ
1820 3296 1954 3346 (lxv-

124 3403 216 3448 ρον
241 3387 448 3452 γίνεται.
989 3384 1242 3446 (Bekkerz
1278 3384 1457 3435 Anecd.
1484 3404 1557 3450 gr.
1584 3387 1621 3436 I.
1651 3386 1811 3444 289.)

1618 3468 1660 3507 2,
