<?xml version="1.0" encoding="UTF-8"?>
<!DOCTYPE html PUBLIC "-//W3C//DTD XHTML 1.0 Transitional//EN"
    "http://www.w3.org/TR/xhtml1/DTD/xhtml1-transitional.dtd">
<html xmlns="http://www.w3.org/1999/xhtml" xml:lang="en" lang="en">
 <head>
  <title>
</title>
<meta http-equiv="Content-Type" content="text/html;charset=utf-8" />
  <meta name='ocr-system' content='tesseract 3.04.00' />
  <meta name='ocr-capabilities' content='ocr_page ocr_carea ocr_par ocr_line ocrx_word'/>
</head>
<body>
  <div class='ocr_page' id='page_1' title='image "./synaggtnattiknno00tluoft_0508.png"; bbox 0 0 2114 3642; ppageno 0'>
   <div class='ocr_carea' id='block_1_1' title="bbox 163 250 1558 299">
    <p class='ocr_par' dir='ltr' id='par_1_1' title="bbox 163 250 1558 299">
     <span class='ocr_line' id='line_1_1' title="bbox 163 250 1558 299; baseline -0.007 -3"><span class='ocrx_word' id='word_1_1' title='bbox 163 250 262 299; x_wconf 70' lang='lat'>482</span> <span class='ocrx_word' id='word_1_2' title='bbox 615 259 1023 295; x_wconf 67' lang='lat' dir='ltr'>cozuuuwmuws</span> <span class='ocrx_word' id='word_1_3' title='bbox 1054 258 1119 289; x_wconf 72' lang='lat' dir='ltr'>An</span> <span class='ocrx_word' id='word_1_4' title='bbox 1148 256 1228 292; x_wconf 73' lang='lat'><strong>507.</strong></span> <span class='ocrx_word' id='word_1_5' title='bbox 1258 258 1337 292; x_wconf 83' lang='lat'><strong>509.</strong></span> <span class='ocrx_word' id='word_1_6' title='bbox 1369 258 1447 293; x_wconf 77' lang='lat'>511.</span> <span class='ocrx_word' id='word_1_7' title='bbox 1478 258 1558 292; x_wconf 76' lang='lat'>515.</span> 
     </span>
    </p>
   </div>
   <div class='ocr_carea' id='block_1_2' title="bbox 938 394 1220 450">
    <p class='ocr_par' dir='ltr' id='par_1_2' title="bbox 938 394 1220 450">
     <span class='ocr_line' id='line_1_2' title="bbox 938 394 1220 450; baseline 0.011 -3"><span class='ocrx_word' id='word_1_8' title='bbox 938 394 1037 448; x_wconf 78' lang='lat' dir='ltr'>Ad</span> <span class='ocrx_word' id='word_1_9' title='bbox 1069 395 1220 450; x_wconf 83' lang='lat'><strong>507.</strong></span> 
     </span>
    </p>
   </div>
   <div class='ocr_carea' id='block_1_3' title="bbox 161 501 1997 662">
    <p class='ocr_par' dir='ltr' id='par_1_3' title="bbox 161 501 1997 662">
     <span class='ocr_line' id='line_1_3' title="bbox 308 501 1997 574; baseline -0.005 -12"><span class='ocrx_word' id='word_1_10' title='bbox 308 511 396 563; x_wconf 78' lang='lat' dir='ltr'>Alii</span> <span class='ocrx_word' id='word_1_11' title='bbox 434 501 852 574; x_wconf 66' lang='grc' dir='ltr'><em>προσχαιρητὴρια</em></span> <span class='ocrx_word' id='word_1_12' title='bbox 892 506 1142 554; x_wconf 81' lang='lat' dir='ltr'>vocabant</span> <span class='ocrx_word' id='word_1_13' title='bbox 1180 506 1272 554; x_wconf 82' lang='lat' dir='ltr'>hoc</span> <span class='ocrx_word' id='word_1_14' title='bbox 1315 507 1491 556; x_wconf 69' lang='lat' dir='ltr'>festum</span> <span class='ocrx_word' id='word_1_15' title='bbox 1532 508 1580 554; x_wconf 90' lang='lat' dir='ltr'>in</span> <span class='ocrx_word' id='word_1_16' title='bbox 1622 506 1848 553; x_wconf 65' lang='lat' dir='ltr'>honorem</span> <span class='ocrx_word' id='word_1_17' title='bbox 1879 506 1997 554; x_wconf 86' lang='lat' dir='ltr'>Pro-</span> 
     </span>
     <span class='ocr_line' id='line_1_4' title="bbox 161 593 727 662; baseline -0.014 -17"><span class='ocrx_word' id='word_1_18' title='bbox 161 596 388 662; x_wconf 81' lang='lat' dir='ltr'>serpinae</span> <span class='ocrx_word' id='word_1_19' title='bbox 417 593 727 642; x_wconf 80' lang='lat' dir='ltr'>celebratum.</span> 
     </span>
    </p>
   </div>
   <div class='ocr_carea' id='block_1_4' title="bbox 936 669 1222 724">
    <p class='ocr_par' dir='ltr' id='par_1_4' title="bbox 936 669 1222 724">
     <span class='ocr_line' id='line_1_5' title="bbox 936 669 1222 724; baseline 0.003 -2"><span class='ocrx_word' id='word_1_20' title='bbox 936 669 1035 722; x_wconf 77' lang='lat' dir='ltr'>Ad</span> <span class='ocrx_word' id='word_1_21' title='bbox 1070 671 1222 724; x_wconf 78' lang='lat'>509.</span> 
     </span>
    </p>
   </div>
   <div class='ocr_carea' id='block_1_5' title="bbox 157 775 2001 1182">
    <p class='ocr_par' dir='ltr' id='par_1_5' title="bbox 157 775 2001 1182">
     <span class='ocr_line' id='line_1_6' title="bbox 301 775 1997 845; baseline -0.003 -12"><span class='ocrx_word' id='word_1_22' title='bbox 301 783 473 833; x_wconf 83' lang='lat' dir='ltr'>Suidas</span> <span class='ocrx_word' id='word_1_23' title='bbox 513 800 550 830; x_wconf 70' lang='lat' dir='ltr'>S.</span> <span class='ocrx_word' id='word_1_24' title='bbox 590 799 634 830; x_wconf 88' lang='lat' dir='ltr'>v.</span> <span class='ocrx_word' id='word_1_25' title='bbox 668 775 1009 826; x_wconf 68' lang='grc' dir='ltr'>Ἀνάστατοις</span> <span class='ocrx_word' id='word_1_26' title='bbox 1061 779 1213 829; x_wconf 82' lang='lat' dir='ltr'>Sexto</span> <span class='ocrx_word' id='word_1_27' title='bbox 1255 779 1441 829; x_wconf 85' lang='lat' dir='ltr'>decimo</span> <span class='ocrx_word' id='word_1_28' title='bbox 1483 780 1560 828; x_wconf 83' lang='lat' dir='ltr'>die</span> <span class='ocrx_word' id='word_1_29' title='bbox 1601 781 1782 828; x_wconf 79' lang='lat' dir='ltr'>mensis</span> <span class='ocrx_word' id='word_1_30' title='bbox 1825 779 1997 845; x_wconf 86' lang='lat' dir='ltr'>Muny-</span> 
     </span>
     <span class='ocr_line' id='line_1_7' title="bbox 160 858 1997 930; baseline -0.003 -15"><span class='ocrx_word' id='word_1_31' title='bbox 160 867 344 916; x_wconf 88' lang='lat' dir='ltr'>chionis</span> <span class='ocrx_word' id='word_1_32' title='bbox 373 867 495 913; x_wconf 89' lang='lat' dir='ltr'>fiunt</span> <span class='ocrx_word' id='word_1_33' title='bbox 523 865 806 930; x_wconf 80' lang='lat' dir='ltr'>placentae3</span> <span class='ocrx_word' id='word_1_34' title='bbox 847 863 936 911; x_wconf 87' lang='lat' dir='ltr'>hae</span> <span class='ocrx_word' id='word_1_35' title='bbox 965 870 1130 912; x_wconf 85' lang='lat' dir='ltr'>autem</span> <span class='ocrx_word' id='word_1_36' title='bbox 1156 871 1398 912; x_wconf 80' lang='lat' dir='ltr'>vocantur</span> <span class='ocrx_word' id='word_1_37' title='bbox 1425 858 1771 924; x_wconf 60' lang='grc' dir='ltr'>ᾀιιςῑιᾳῶιντες,</span> <span class='ocrx_word' id='word_1_38' title='bbox 1800 871 1852 911; x_wconf 89' lang='lat' dir='ltr'>ut</span> <span class='ocrx_word' id='word_1_39' title='bbox 1879 880 1997 911; x_wconf 84' lang='lat' dir='ltr'>non-</span> 
     </span>
     <span class='ocr_line' id='line_1_8' title="bbox 157 946 2000 1012; baseline -0.003 -14"><span class='ocrx_word' id='word_1_40' title='bbox 157 950 276 998; x_wconf 85' lang='lat' dir='ltr'>nulli</span> <span class='ocrx_word' id='word_1_41' title='bbox 315 947 512 1012; x_wconf 87' lang='lat' dir='ltr'>quidem</span> <span class='ocrx_word' id='word_1_42' title='bbox 551 947 776 1008; x_wconf 78' lang='lat' dir='ltr'>tradunt,</span> <span class='ocrx_word' id='word_1_43' title='bbox 826 947 941 1010; x_wconf 89' lang='lat' dir='ltr'>quia</span> <span class='ocrx_word' id='word_1_44' title='bbox 980 954 1094 994; x_wconf 81' lang='lat' dir='ltr'>tunc</span> <span class='ocrx_word' id='word_1_45' title='bbox 1137 946 1491 1007; x_wconf 83' lang='lat' dir='ltr'>conficiuntur,</span> <span class='ocrx_word' id='word_1_46' title='bbox 1533 963 1644 994; x_wconf 89' lang='lat' dir='ltr'>cum</span> <span class='ocrx_word' id='word_1_47' title='bbox 1682 947 1754 993; x_wconf 82' lang='lat' dir='ltr'>sol</span> <span class='ocrx_word' id='word_1_48' title='bbox 1796 952 1842 993; x_wconf 80' lang='lat' dir='ltr'>et</span> <span class='ocrx_word' id='word_1_49' title='bbox 1883 946 2000 994; x_wconf 84' lang='lat' dir='ltr'>luna</span> 
     </span>
     <span class='ocr_line' id='line_1_9' title="bbox 157 1029 2001 1097; baseline -0.002 -17"><span class='ocrx_word' id='word_1_50' title='bbox 157 1050 296 1081; x_wconf 86' lang='lat' dir='ltr'>mane</span> <span class='ocrx_word' id='word_1_51' title='bbox 324 1049 473 1097; x_wconf 85' lang='lat' dir='ltr'>supra</span> <span class='ocrx_word' id='word_1_52' title='bbox 506 1039 686 1080; x_wconf 87' lang='lat' dir='ltr'>terram</span> <span class='ocrx_word' id='word_1_53' title='bbox 726 1037 997 1095; x_wconf 76' lang='lat' dir='ltr'>apparent3</span> <span class='ocrx_word' id='word_1_54' title='bbox 1036 1038 1089 1078; x_wconf 87' lang='lat' dir='ltr'>ut</span> <span class='ocrx_word' id='word_1_55' title='bbox 1128 1047 1245 1078; x_wconf 84' lang='lat' dir='ltr'>vero</span> <span class='ocrx_word' id='word_1_56' title='bbox 1287 1029 1615 1095; x_wconf 82' lang='lat' dir='ltr'>Apollodorus</span> <span class='ocrx_word' id='word_1_57' title='bbox 1655 1029 1848 1088; x_wconf 76' lang='lat' dir='ltr'>scribit,</span> <span class='ocrx_word' id='word_1_58' title='bbox 1889 1029 2001 1093; x_wconf 66' lang='lat' dir='ltr'>quia</span> 
     </span>
     <span class='ocr_line' id='line_1_10' title="bbox 157 1113 1639 1182; baseline -0.001 -19"><span class='ocrx_word' id='word_1_59' title='bbox 157 1122 415 1182; x_wconf 82' lang='lat' dir='ltr'>portantur</span> <span class='ocrx_word' id='word_1_60' title='bbox 442 1115 613 1163; x_wconf 88' lang='lat' dir='ltr'>faculis</span> <span class='ocrx_word' id='word_1_61' title='bbox 643 1114 928 1163; x_wconf 77' lang='lat' dir='ltr'>ardentibus</span> <span class='ocrx_word' id='word_1_62' title='bbox 957 1114 1138 1162; x_wconf 85' lang='lat' dir='ltr'>circum</span> <span class='ocrx_word' id='word_1_63' title='bbox 1167 1130 1248 1162; x_wconf 84' lang='lat' dir='ltr'>eas</span> <span class='ocrx_word' id='word_1_64' title='bbox 1277 1113 1488 1178; x_wconf 84' lang='lat' dir='ltr'>undique</span> <span class='ocrx_word' id='word_1_65' title='bbox 1519 1113 1639 1161; x_wconf 84' lang='lat' dir='ltr'>fixis.</span> 
     </span>
    </p>
   </div>
   <div class='ocr_carea' id='block_1_6' title="bbox 951 1254 1209 1308">
    <p class='ocr_par' dir='ltr' id='par_1_6' title="bbox 951 1254 1209 1308">
     <span class='ocr_line' id='line_1_11' title="bbox 951 1254 1209 1308; baseline 0.004 -1"><span class='ocrx_word' id='word_1_66' title='bbox 951 1254 1049 1307; x_wconf 78' lang='lat' dir='ltr'>Ad</span> <span class='ocrx_word' id='word_1_67' title='bbox 1083 1255 1209 1308; x_wconf 85' lang='lat'>511.</span> 
     </span>
    </p>
   </div>
   <div class='ocr_carea' id='block_1_7' title="bbox 156 1360 2001 2282">
    <p class='ocr_par' dir='ltr' id='par_1_7' title="bbox 157 1360 1999 1604">
     <span class='ocr_line' id='line_1_12' title="bbox 300 1360 1998 1432; baseline -0.003 -16"><span class='ocrx_word' id='word_1_68' title='bbox 300 1365 532 1416; x_wconf 82' lang='lat' dir='ltr'>Suidas</span> <span class='ocrx_word' id='word_1_69' title='bbox 572 1385 607 1415; x_wconf 88' lang='lat' dir='ltr'>s.</span> <span class='ocrx_word' id='word_1_70' title='bbox 650 1385 693 1415; x_wconf 76' lang='lat' dir='ltr'>v.</span> <span class='ocrx_word' id='word_1_71' title='bbox 736 1360 1042 1429; x_wconf 71' lang='grc' dir='ltr'><em>α’ρκτεῦσαι.·</em></span> <span class='ocrx_word' id='word_1_72' title='bbox 1084 1367 1254 1432; x_wconf 86' lang='lat' dir='ltr'>Lysias</span> <span class='ocrx_word' id='word_1_73' title='bbox 1296 1366 1541 1431; x_wconf 78' lang='lat' dir='ltr'>virginum</span> <span class='ocrx_word' id='word_1_74' title='bbox 1577 1364 1998 1414; x_wconf 81' lang='lat' dir='ltr'>consecrationem</span> 
     </span>
     <span class='ocr_line' id='line_1_13' title="bbox 158 1444 1999 1515; baseline -0.002 -17"><span class='ocrx_word' id='word_1_75' title='bbox 158 1467 281 1515; x_wconf 89' lang='lat' dir='ltr'>quae</span> <span class='ocrx_word' id='word_1_76' title='bbox 322 1457 435 1498; x_wconf 89' lang='lat' dir='ltr'>ante</span> <span class='ocrx_word' id='word_1_77' title='bbox 476 1450 672 1515; x_wconf 76' lang='lat' dir='ltr'>nuptias</span> <span class='ocrx_word' id='word_1_78' title='bbox 711 1450 760 1497; x_wconf 90' lang='lat' dir='ltr'>in</span> <span class='ocrx_word' id='word_1_79' title='bbox 807 1450 1045 1499; x_wconf 77' lang='lat' dir='ltr'>honorem</span> <span class='ocrx_word' id='word_1_80' title='bbox 1083 1449 1270 1498; x_wconf 89' lang='lat' dir='ltr'>Dianae</span> <span class='ocrx_word' id='word_1_81' title='bbox 1314 1449 1487 1510; x_wconf 83' lang='lat' dir='ltr'>fiebat,</span> <span class='ocrx_word' id='word_1_82' title='bbox 1530 1444 1796 1512; x_wconf 60' lang='grc' dir='ltr'>ἀρκτεύειν</span> <span class='ocrx_word' id='word_1_83' title='bbox 1842 1454 1999 1495; x_wconf 76' lang='lat' dir='ltr'>vocat.</span> 
     </span>
     <span class='ocr_line' id='line_1_14' title="bbox 157 1527 1845 1604; baseline 0 -23"><span class='ocrx_word' id='word_1_84' title='bbox 157 1532 390 1596; x_wconf 80' lang='lat' dir='ltr'>Virgines</span> <span class='ocrx_word' id='word_1_85' title='bbox 418 1533 547 1581; x_wconf 89' lang='lat' dir='ltr'>enim</span> <span class='ocrx_word' id='word_1_86' title='bbox 574 1533 643 1582; x_wconf 83' lang='lat' dir='ltr'>sic</span> <span class='ocrx_word' id='word_1_87' title='bbox 672 1543 986 1604; x_wconf 84' lang='lat' dir='ltr'>consecratae</span> <span class='ocrx_word' id='word_1_88' title='bbox 1013 1533 1397 1600; x_wconf 75' lang='lat' dir='ltr'>appellabantur</span> <span class='ocrx_word' id='word_1_89' title='bbox 1426 1527 1607 1596; x_wconf 73' lang='grc' dir='ltr'><em>ἄρκτοι</em></span> <span class='ocrx_word' id='word_1_90' title='bbox 1637 1534 1845 1593; x_wconf 85' lang='lat' dir='ltr'>(ursae).</span> 
     </span>
    </p>

    <p class='ocr_par' dir='ltr' id='par_1_8' title="bbox 156 1621 2001 2282">
     <span class='ocr_line' id='line_1_15' title="bbox 300 1621 1999 1693; baseline -0.002 -16"><span class='ocrx_word' id='word_1_91' title='bbox 300 1627 474 1678; x_wconf 90' lang='lat' dir='ltr'>Idem</span> <span class='ocrx_word' id='word_1_92' title='bbox 499 1628 547 1676; x_wconf 90' lang='lat' dir='ltr'>in</span> <span class='ocrx_word' id='word_1_93' title='bbox 577 1621 764 1689; x_wconf 74' lang='grc' dir='ltr'><em>ἄρκτος</em></span> <span class='ocrx_word' id='word_1_94' title='bbox 782 1647 795 1673; x_wconf 91' lang='grc'>.·</span> <span class='ocrx_word' id='word_1_95' title='bbox 836 1628 965 1677; x_wconf 81' lang='lat' dir='ltr'>Ursa</span> <span class='ocrx_word' id='word_1_96' title='bbox 1000 1629 1104 1677; x_wconf 90' lang='lat' dir='ltr'>fera</span> <span class='ocrx_word' id='word_1_97' title='bbox 1144 1628 1325 1678; x_wconf 89' lang='lat' dir='ltr'>relictis</span> <span class='ocrx_word' id='word_1_98' title='bbox 1359 1629 1493 1677; x_wconf 80' lang='lat' dir='ltr'>silvis</span> <span class='ocrx_word' id='word_1_99' title='bbox 1520 1630 1569 1677; x_wconf 92' lang='lat' dir='ltr'>in</span> <span class='ocrx_word' id='word_1_100' title='bbox 1598 1645 1725 1693; x_wconf 82' lang='lat' dir='ltr'>pago</span> <span class='ocrx_word' id='word_1_101' title='bbox 1753 1626 1999 1676; x_wconf 87' lang='lat' dir='ltr'>Philaida-</span> 
     </span>
     <span class='ocr_line' id='line_1_16' title="bbox 158 1711 1999 1776; baseline -0.002 -16"><span class='ocrx_word' id='word_1_102' title='bbox 158 1729 264 1760; x_wconf 88' lang='lat' dir='ltr'>rum</span> <span class='ocrx_word' id='word_1_103' title='bbox 304 1711 487 1776; x_wconf 82' lang='lat' dir='ltr'>degens</span> <span class='ocrx_word' id='word_1_104' title='bbox 525 1712 846 1761; x_wconf 85' lang='lat' dir='ltr'>contubernio</span> <span class='ocrx_word' id='word_1_105' title='bbox 885 1712 1138 1761; x_wconf 91' lang='lat' dir='ltr'>hominum</span> <span class='ocrx_word' id='word_1_106' title='bbox 1181 1730 1375 1761; x_wconf 86' lang='lat' dir='ltr'>onmem</span> <span class='ocrx_word' id='word_1_107' title='bbox 1415 1712 1615 1761; x_wconf 87' lang='lat' dir='ltr'>tandem</span> <span class='ocrx_word' id='word_1_108' title='bbox 1642 1711 1887 1761; x_wconf 82' lang='lat' dir='ltr'>feritatem</span> <span class='ocrx_word' id='word_1_109' title='bbox 1915 1729 1999 1776; x_wconf 90' lang='lat' dir='ltr'>po-</span> 
     </span>
     <span class='ocr_line' id='line_1_17' title="bbox 157 1795 2000 1862; baseline -0.001 -18"><span class='ocrx_word' id='word_1_110' title='bbox 157 1802 332 1845; x_wconf 81' lang='lat' dir='ltr'>suerat.</span> <span class='ocrx_word' id='word_1_111' title='bbox 379 1795 503 1845; x_wconf 83' lang='lat' dir='ltr'>Cum</span> <span class='ocrx_word' id='word_1_112' title='bbox 531 1803 697 1845; x_wconf 85' lang='lat' dir='ltr'>autem</span> <span class='ocrx_word' id='word_1_113' title='bbox 722 1797 863 1859; x_wconf 80' lang='lat' dir='ltr'>virgo</span> <span class='ocrx_word' id='word_1_114' title='bbox 893 1796 1131 1860; x_wconf 78' lang='lat' dir='ltr'>quaedam</span> <span class='ocrx_word' id='word_1_115' title='bbox 1161 1813 1272 1845; x_wconf 88' lang='lat' dir='ltr'>cum</span> <span class='ocrx_word' id='word_1_116' title='bbox 1300 1813 1358 1845; x_wconf 89' lang='lat' dir='ltr'>ea</span> <span class='ocrx_word' id='word_1_117' title='bbox 1384 1796 1577 1845; x_wconf 77' lang='lat' dir='ltr'>luderet</span> <span class='ocrx_word' id='word_1_118' title='bbox 1603 1795 2000 1862; x_wconf 76' lang='lat' dir='ltr'>petulantiusque</span> 
     </span>
     <span class='ocr_line' id='line_1_18' title="bbox 156 1878 2000 1945; baseline -0.001 -18"><span class='ocrx_word' id='word_1_119' title='bbox 156 1885 416 1941; x_wconf 79' lang='lat' dir='ltr'>tractaret,</span> <span class='ocrx_word' id='word_1_120' title='bbox 456 1898 569 1929; x_wconf 87' lang='lat' dir='ltr'>ursa</span> <span class='ocrx_word' id='word_1_121' title='bbox 594 1880 783 1928; x_wconf 86' lang='lat' dir='ltr'>irritata</span> <span class='ocrx_word' id='word_1_122' title='bbox 810 1897 916 1929; x_wconf 89' lang='lat' dir='ltr'>eam</span> <span class='ocrx_word' id='word_1_123' title='bbox 943 1880 1192 1944; x_wconf 81' lang='lat' dir='ltr'>unguibus</span> <span class='ocrx_word' id='word_1_124' title='bbox 1221 1880 1523 1929; x_wconf 87' lang='lat' dir='ltr'>vulneravit:</span> <span class='ocrx_word' id='word_1_125' title='bbox 1566 1897 1662 1945; x_wconf 89' lang='lat' dir='ltr'>qua</span> <span class='ocrx_word' id='word_1_126' title='bbox 1687 1897 1738 1928; x_wconf 88' lang='lat' dir='ltr'>re</span> <span class='ocrx_word' id='word_1_127' title='bbox 1768 1879 1876 1927; x_wconf 86' lang='lat' dir='ltr'>irati</span> <span class='ocrx_word' id='word_1_128' title='bbox 1904 1878 2000 1926; x_wconf 87' lang='lat' dir='ltr'>fra-</span> 
     </span>
     <span class='ocr_line' id='line_1_19' title="bbox 157 1962 2001 2029; baseline -0.001 -19"><span class='ocrx_word' id='word_1_129' title='bbox 157 1969 269 2024; x_wconf 80' lang='lat' dir='ltr'>tres,</span> <span class='ocrx_word' id='word_1_130' title='bbox 298 1979 406 2011; x_wconf 89' lang='lat' dir='ltr'>eam</span> <span class='ocrx_word' id='word_1_131' title='bbox 431 1962 538 2012; x_wconf 90' lang='lat' dir='ltr'>telis</span> <span class='ocrx_word' id='word_1_132' title='bbox 566 1963 901 2013; x_wconf 75' lang='lat' dir='ltr'>confecerunt.</span> <span class='ocrx_word' id='word_1_133' title='bbox 937 1963 1061 2012; x_wconf 81' lang='lat' dir='ltr'>Cum</span> <span class='ocrx_word' id='word_1_134' title='bbox 1087 1964 1238 2027; x_wconf 82' lang='lat' dir='ltr'>igitur</span> <span class='ocrx_word' id='word_1_135' title='bbox 1265 1980 1322 2011; x_wconf 84' lang='lat' dir='ltr'>ea</span> <span class='ocrx_word' id='word_1_136' title='bbox 1349 1963 1408 2012; x_wconf 88' lang='lat' dir='ltr'>de</span> <span class='ocrx_word' id='word_1_137' title='bbox 1438 1981 1586 2013; x_wconf 86' lang='lat' dir='ltr'>causa</span> <span class='ocrx_word' id='word_1_138' title='bbox 1612 1963 1846 2029; x_wconf 85' lang='lat' dir='ltr'>pestilens</span> <span class='ocrx_word' id='word_1_139' title='bbox 1874 1979 2001 2009; x_wconf 90' lang='lat' dir='ltr'>mor-</span> 
     </span>
     <span class='ocr_line' id='line_1_20' title="bbox 157 2045 1999 2113; baseline -0.003 -17"><span class='ocrx_word' id='word_1_140' title='bbox 157 2047 249 2096; x_wconf 85' lang='lat' dir='ltr'>bus</span> <span class='ocrx_word' id='word_1_141' title='bbox 292 2045 614 2096; x_wconf 84' lang='lat' dir='ltr'>Athenienses</span> <span class='ocrx_word' id='word_1_142' title='bbox 661 2047 953 2108; x_wconf 86' lang='lat' dir='ltr'>invasisset‚</span> <span class='ocrx_word' id='word_1_143' title='bbox 1006 2048 1259 2096; x_wconf 78' lang='lat' dir='ltr'>oraculum</span> <span class='ocrx_word' id='word_1_144' title='bbox 1300 2047 1673 2096; x_wconf 76' lang='lat' dir='ltr'>consulentibus</span> <span class='ocrx_word' id='word_1_145' title='bbox 1710 2063 1999 2113; x_wconf 82' lang='lat' dir='ltr'>responsum</span> 
     </span>
     <span class='ocr_line' id='line_1_21' title="bbox 159 2131 2000 2198; baseline -0.003 -16"><span class='ocrx_word' id='word_1_146' title='bbox 159 2141 258 2195; x_wconf 88' lang='lat' dir='ltr'>est,</span> <span class='ocrx_word' id='word_1_147' title='bbox 297 2132 562 2182; x_wconf 87' lang='lat' dir='ltr'>remedium</span> <span class='ocrx_word' id='word_1_148' title='bbox 587 2131 700 2181; x_wconf 91' lang='lat' dir='ltr'>mali</span> <span class='ocrx_word' id='word_1_149' title='bbox 727 2131 856 2193; x_wconf 86' lang='lat' dir='ltr'>fore,</span> <span class='ocrx_word' id='word_1_150' title='bbox 897 2132 937 2180; x_wconf 87' lang='lat' dir='ltr'>si</span> <span class='ocrx_word' id='word_1_151' title='bbox 978 2131 1103 2180; x_wconf 86' lang='lat' dir='ltr'>filias</span> <span class='ocrx_word' id='word_1_152' title='bbox 1150 2149 1262 2180; x_wconf 86' lang='lat' dir='ltr'>suas</span> <span class='ocrx_word' id='word_1_153' title='bbox 1302 2132 1363 2181; x_wconf 88' lang='lat' dir='ltr'>ad</span> <span class='ocrx_word' id='word_1_154' title='bbox 1403 2131 1699 2198; x_wconf 83' lang='lat' dir='ltr'>expiandam</span> <span class='ocrx_word' id='word_1_155' title='bbox 1726 2147 1866 2178; x_wconf 85' lang='lat' dir='ltr'>ursae</span> <span class='ocrx_word' id='word_1_156' title='bbox 1894 2146 2000 2177; x_wconf 83' lang='lat' dir='ltr'>cae-</span> 
     </span>
     <span class='ocr_line' id='line_1_22' title="bbox 157 2208 1596 2282; baseline -0.001 -16"><span class='ocrx_word' id='word_1_157' title='bbox 157 2216 268 2266; x_wconf 87' lang='lat' dir='ltr'>dem</span> <span class='ocrx_word' id='word_1_158' title='bbox 298 2223 550 2282; x_wconf 83' lang='lat' dir='ltr'>tamquam</span> <span class='ocrx_word' id='word_1_159' title='bbox 578 2208 799 2278; x_wconf 67' lang='grc' dir='ltr'><em>ἄρκτους</em></span> <span class='ocrx_word' id='word_1_160' title='bbox 827 2215 1019 2278; x_wconf 85' lang='lat' dir='ltr'>(ursas)</span> <span class='ocrx_word' id='word_1_161' title='bbox 1051 2215 1327 2264; x_wconf 84' lang='lat' dir='ltr'>consecrari</span> <span class='ocrx_word' id='word_1_162' title='bbox 1346 2214 1596 2280; x_wconf 90' lang='lat' dir='ltr'>juberent.</span> 
     </span>
    </p>
   </div>
   <div class='ocr_carea' id='block_1_8' title="bbox 940 2355 1218 2409">
    <p class='ocr_par' dir='ltr' id='par_1_9' title="bbox 940 2355 1218 2409">
     <span class='ocr_line' id='line_1_23' title="bbox 940 2355 1218 2409; baseline 0 0"><span class='ocrx_word' id='word_1_163' title='bbox 940 2355 1039 2409; x_wconf 78' lang='lat' dir='ltr'>Ad</span> <span class='ocrx_word' id='word_1_164' title='bbox 1079 2356 1218 2409; x_wconf 85' lang='lat'>515.</span> 
     </span>
    </p>
   </div>
   <div class='ocr_carea' id='block_1_9' title="bbox 158 2460 2001 3475">
    <p class='ocr_par' dir='ltr' id='par_1_10' title="bbox 160 2460 2001 2616">
     <span class='ocr_line' id='line_1_24' title="bbox 301 2460 2001 2534; baseline -0.005 -16"><span class='ocrx_word' id='word_1_165' title='bbox 301 2466 406 2518; x_wconf 88' lang='lat' dir='ltr'>Lex</span> <span class='ocrx_word' id='word_1_166' title='bbox 434 2465 636 2532; x_wconf 80' lang='lat' dir='ltr'>Seguer.</span> <span class='ocrx_word' id='word_1_167' title='bbox 665 2485 711 2534; x_wconf 91' lang='lat' dir='ltr'>p.</span> <span class='ocrx_word' id='word_1_168' title='bbox 740 2466 869 2515; x_wconf 81' lang='lat'>263:</span> <span class='ocrx_word' id='word_1_169' title='bbox 912 2462 1164 2531; x_wconf 70' lang='grc' dir='ltr'>θαργήλια</span> <span class='ocrx_word' id='word_1_170' title='bbox 1193 2462 1236 2511; x_wconf 78' lang='grc' dir='ltr'>δ’</span> <span class='ocrx_word' id='word_1_171' title='bbox 1265 2467 1365 2513; x_wconf 73' lang='grc' dir='ltr'>ἐστὶ</span> <span class='ocrx_word' id='word_1_172' title='bbox 1394 2462 1572 2521; x_wconf 75' lang='grc' dir='ltr'><em>πάντες</em></span> <span class='ocrx_word' id='word_1_173' title='bbox 1600 2465 1645 2512; x_wconf 81' lang='grc' dir='ltr'>οἱ</span> <span class='ocrx_word' id='word_1_174' title='bbox 1674 2460 1774 2511; x_wconf 76' lang='grc' dir='ltr'>ἀπὸ</span> <span class='ocrx_word' id='word_1_175' title='bbox 1802 2462 1887 2522; x_wconf 78' lang='grc' dir='ltr'>τῆς</span> <span class='ocrx_word' id='word_1_176' title='bbox 1913 2461 2001 2530; x_wconf 72' lang='grc' dir='ltr'>γῆς</span> 
     </span>
     <span class='ocr_line' id='line_1_25' title="bbox 160 2550 1477 2616; baseline 0.002 -18"><span class='ocrx_word' id='word_1_177' title='bbox 160 2552 365 2616; x_wconf 75' lang='grc' dir='ltr'><em>καρποί.</em></span> <span class='ocrx_word' id='word_1_178' title='bbox 405 2550 701 2616; x_wconf 83' lang='lat' dir='ltr'>(Thargelia</span> <span class='ocrx_word' id='word_1_179' title='bbox 726 2558 841 2601; x_wconf 87' lang='lat' dir='ltr'>sunt</span> <span class='ocrx_word' id='word_1_180' title='bbox 868 2568 1036 2600; x_wconf 87' lang='lat' dir='ltr'>omnes</span> <span class='ocrx_word' id='word_1_181' title='bbox 1063 2558 1219 2600; x_wconf 85' lang='lat' dir='ltr'>terrae</span> <span class='ocrx_word' id='word_1_182' title='bbox 1248 2551 1477 2611; x_wconf 85' lang='lat' dir='ltr'>fructus.)</span> 
     </span>
    </p>

    <p class='ocr_par' dir='ltr' id='par_1_11' title="bbox 158 2639 2001 3207">
     <span class='ocr_line' id='line_1_26' title="bbox 301 2639 2000 2713; baseline -0.002 -17"><span class='ocrx_word' id='word_1_183' title='bbox 301 2648 461 2713; x_wconf 81' lang='lat' dir='ltr'>Etym.</span> <span class='ocrx_word' id='word_1_184' title='bbox 490 2647 620 2713; x_wconf 82' lang='lat' dir='ltr'>Mag.</span> <span class='ocrx_word' id='word_1_185' title='bbox 649 2665 694 2713; x_wconf 91' lang='lat' dir='ltr'>p.</span> <span class='ocrx_word' id='word_1_186' title='bbox 722 2647 851 2695; x_wconf 75' lang='lat'><strong>443:</strong></span> <span class='ocrx_word' id='word_1_187' title='bbox 898 2642 1192 2713; x_wconf 70' lang='grc' dir='ltr'>Θαργηλιών</span> <span class='ocrx_word' id='word_1_188' title='bbox 1232 2643 1279 2693; x_wconf 65' lang='grc' dir='ltr'>δὲ</span> <span class='ocrx_word' id='word_1_189' title='bbox 1319 2639 1347 2693; x_wconf 72' lang='grc' dir='ltr'>ὁ</span> <span class='ocrx_word' id='word_1_190' title='bbox 1380 2642 1647 2700; x_wconf 67' lang='grc' dir='ltr'><em>ἑνδέκατος</em></span> <span class='ocrx_word' id='word_1_191' title='bbox 1669 2641 1777 2708; x_wconf 71' lang='grc' dir='ltr'>μὴν</span> <span class='ocrx_word' id='word_1_192' title='bbox 1804 2640 2000 2708; x_wconf 71' lang='grc' dir='ltr'><em>ὀνομά-</em></span> 
     </span>
     <span class='ocr_line' id='line_1_27' title="bbox 165 2723 1995 2793; baseline -0.001 -15"><span class='ocrx_word' id='word_1_193' title='bbox 165 2733 292 2788; x_wconf 72' lang='grc' dir='ltr'><em>ζεται</em></span> <span class='ocrx_word' id='word_1_194' title='bbox 313 2767 325 2788; x_wconf 87' lang='grc'>,</span> <span class='ocrx_word' id='word_1_195' title='bbox 366 2732 467 2778; x_wconf 75' lang='grc' dir='ltr'>ἐπεὶ</span> <span class='ocrx_word' id='word_1_196' title='bbox 495 2726 608 2778; x_wconf 76' lang='grc' dir='ltr'>τότε</span> <span class='ocrx_word' id='word_1_197' title='bbox 636 2723 663 2778; x_wconf 77' lang='grc' dir='ltr'>ὁ</span> <span class='ocrx_word' id='word_1_198' title='bbox 696 2725 831 2787; x_wconf 68' lang='grc' dir='ltr'><em>ἥλιος</em></span> <span class='ocrx_word' id='word_1_199' title='bbox 859 2727 1082 2793; x_wconf 70' lang='grc' dir='ltr'><em>πυρώδης</em></span> <span class='ocrx_word' id='word_1_200' title='bbox 1123 2731 1225 2777; x_wconf 76' lang='grc' dir='ltr'>ἐστὶ</span> <span class='ocrx_word' id='word_1_201' title='bbox 1265 2731 1355 2776; x_wconf 77' lang='grc' dir='ltr'>καὶ</span> <span class='ocrx_word' id='word_1_202' title='bbox 1397 2733 1452 2776; x_wconf 68' lang='grc' dir='ltr'>ἐν</span> <span class='ocrx_word' id='word_1_203' title='bbox 1490 2726 1654 2793; x_wconf 79' lang='grc' dir='ltr'><em>τούτῳ</em></span> <span class='ocrx_word' id='word_1_204' title='bbox 1692 2728 1762 2793; x_wconf 72' lang='grc' dir='ltr'>τῷ</span> <span class='ocrx_word' id='word_1_205' title='bbox 1784 2732 1907 2792; x_wconf 73' lang='grc' dir='ltr'>μηνὶ</span> <span class='ocrx_word' id='word_1_206' title='bbox 1934 2727 1995 2776; x_wconf 67' lang='grc' dir='ltr'>τά</span> 
     </span>
     <span class='ocr_line' id='line_1_28' title="bbox 162 2807 1999 2880; baseline -0.001 -20"><span class='ocrx_word' id='word_1_207' title='bbox 162 2812 243 2871; x_wconf 80' lang='grc' dir='ltr'>τῆς</span> <span class='ocrx_word' id='word_1_208' title='bbox 270 2811 358 2880; x_wconf 75' lang='grc' dir='ltr'>γῆς</span> <span class='ocrx_word' id='word_1_209' title='bbox 385 2808 522 2872; x_wconf 72' lang='grc' dir='ltr'>ἄνθ-η</span> <span class='ocrx_word' id='word_1_210' title='bbox 551 2810 930 2878; x_wconf 73' lang='grc' dir='ltr'><em>ἀνεξηραίιέτο·</em></span> <span class='ocrx_word' id='word_1_211' title='bbox 970 2809 1070 2861; x_wconf 77' lang='grc' dir='ltr'>ἀπὸ</span> <span class='ocrx_word' id='word_1_212' title='bbox 1105 2812 1198 2860; x_wconf 80' lang='grc' dir='ltr'>τοῦ</span> <span class='ocrx_word' id='word_1_213' title='bbox 1233 2816 1399 2878; x_wconf 56' lang='lat' dir='ltr'>{Hoetu</span> <span class='ocrx_word' id='word_1_214' title='bbox 1427 2807 1523 2861; x_wconf 74' lang='grc' dir='ltr'>οὖν</span> <span class='ocrx_word' id='word_1_215' title='bbox 1549 2809 1641 2870; x_wconf 70' lang='grc' dir='ltr'>τήν</span> <span class='ocrx_word' id='word_1_216' title='bbox 1668 2811 1764 2879; x_wconf 71' lang='grc' dir='ltr'>γῆν</span> <span class='ocrx_word' id='word_1_217' title='bbox 1790 2810 1847 2860; x_wconf 78' lang='grc' dir='ltr'>τὸ</span> <span class='ocrx_word' id='word_1_218' title='bbox 1878 2815 1999 2876; x_wconf 75' lang='grc' dir='ltr'><em>θερ-</em></span> 
     </span>
     <span class='ocr_line' id='line_1_29' title="bbox 158 2893 1999 2964; baseline 0.003 -21"><span class='ocrx_word' id='word_1_219' title='bbox 158 2893 265 2959; x_wconf 83' lang='grc' dir='ltr'>μὸν</span> <span class='ocrx_word' id='word_1_220' title='bbox 294 2895 553 2964; x_wconf 72' lang='grc' dir='ltr'><em>θάργηλον</em></span> <span class='ocrx_word' id='word_1_221' title='bbox 581 2894 883 2961; x_wconf 78' lang='grc' dir='ltr'><em>ὠνόμασται.</em></span> <span class='ocrx_word' id='word_1_222' title='bbox 916 2897 1247 2962; x_wconf 83' lang='lat' dir='ltr'>(Thargelion</span> <span class='ocrx_word' id='word_1_223' title='bbox 1275 2907 1476 2947; x_wconf 81' lang='lat' dir='ltr'>vocatur</span> <span class='ocrx_word' id='word_1_224' title='bbox 1502 2899 1681 2947; x_wconf 88' lang='lat' dir='ltr'>mensis</span> <span class='ocrx_word' id='word_1_225' title='bbox 1703 2897 1999 2960; x_wconf 84' lang='lat' dir='ltr'>undecimus,</span> 
     </span>
     <span class='ocr_line' id='line_1_30' title="bbox 165 2980 1998 3045; baseline 0.002 -17"><span class='ocrx_word' id='word_1_226' title='bbox 165 2980 278 3045; x_wconf 84' lang='lat' dir='ltr'>quia,</span> <span class='ocrx_word' id='word_1_227' title='bbox 305 2989 420 3030; x_wconf 87' lang='lat' dir='ltr'>tunc</span> <span class='ocrx_word' id='word_1_228' title='bbox 447 2982 516 3032; x_wconf 87' lang='lat' dir='ltr'>sol</span> <span class='ocrx_word' id='word_1_229' title='bbox 542 2983 637 3032; x_wconf 87' lang='lat' dir='ltr'>urit</span> <span class='ocrx_word' id='word_1_230' title='bbox 663 2983 713 3031; x_wconf 95' lang='lat' dir='ltr'>in</span> <span class='ocrx_word' id='word_1_231' title='bbox 740 2983 941 3032; x_wconf 84' lang='lat' dir='ltr'>modum</span> <span class='ocrx_word' id='word_1_232' title='bbox 968 2982 1123 3045; x_wconf 80' lang='lat' dir='ltr'>ignis,</span> <span class='ocrx_word' id='word_1_233' title='bbox 1167 2991 1215 3031; x_wconf 87' lang='lat' dir='ltr'>ct</span> <span class='ocrx_word' id='word_1_234' title='bbox 1249 2983 1342 3032; x_wconf 92' lang='lat' dir='ltr'>hoc</span> <span class='ocrx_word' id='word_1_235' title='bbox 1368 2999 1535 3031; x_wconf 87' lang='lat' dir='ltr'>mense</span> <span class='ocrx_word' id='word_1_236' title='bbox 1565 2990 1721 3031; x_wconf 85' lang='lat' dir='ltr'>terrae</span> <span class='ocrx_word' id='word_1_237' title='bbox 1747 2981 1892 3030; x_wconf 86' lang='lat' dir='ltr'>flores</span> <span class='ocrx_word' id='word_1_238' title='bbox 1921 2999 1998 3032; x_wconf 76' lang='lat' dir='ltr'>ex-</span> 
     </span>
     <span class='ocr_line' id='line_1_31' title="bbox 164 3061 2001 3131; baseline -0.003 -16"><span class='ocrx_word' id='word_1_239' title='bbox 164 3063 485 3115; x_wconf 78' lang='lat' dir='ltr'>siccabantur.</span> <span class='ocrx_word' id='word_1_240' title='bbox 538 3067 701 3126; x_wconf 80' lang='lat' dir='ltr'>Quum</span> <span class='ocrx_word' id='word_1_241' title='bbox 728 3066 877 3131; x_wconf 84' lang='lat' dir='ltr'>igitur</span> <span class='ocrx_word' id='word_1_242' title='bbox 903 3065 1037 3114; x_wconf 90' lang='lat' dir='ltr'>calor</span> <span class='ocrx_word' id='word_1_243' title='bbox 1068 3072 1249 3115; x_wconf 83' lang='lat' dir='ltr'>terram</span> <span class='ocrx_word' id='word_1_244' title='bbox 1276 3067 1572 3128; x_wconf 85' lang='lat' dir='ltr'>arefaceret‚</span> <span class='ocrx_word' id='word_1_245' title='bbox 1601 3065 1710 3114; x_wconf 90' lang='lat' dir='ltr'>ideo</span> <span class='ocrx_word' id='word_1_246' title='bbox 1740 3061 2001 3131; x_wconf 71' lang='grc' dir='ltr'><em>θάργηλον</em></span> 
     </span>
     <span class='ocr_line' id='line_1_32' title="bbox 167 3134 1998 3207; baseline 0 -11"><span class='ocrx_word' id='word_1_247' title='bbox 167 3152 367 3196; x_wconf 84' lang='lat' dir='ltr'>vocatus</span> <span class='ocrx_word' id='word_1_248' title='bbox 396 3149 507 3207; x_wconf 81' lang='lat' dir='ltr'>est.)</span> <span class='ocrx_word' id='word_1_249' title='bbox 1994 3134 1998 3139; x_wconf 42' lang='lat'><strong>⁴</strong></span> 
     </span>
    </p>

    <p class='ocr_par' dir='ltr' id='par_1_12' title="bbox 171 3239 2000 3475">
     <span class='ocr_line' id='line_1_33' title="bbox 307 3239 2000 3311; baseline 0 -20"><span class='ocrx_word' id='word_1_250' title='bbox 307 3240 607 3307; x_wconf 80' lang='lat' dir='ltr'>Hesychius:</span> <span class='ocrx_word' id='word_1_251' title='bbox 640 3239 734 3292; x_wconf 80' lang='grc' dir='ltr'>Ἐν</span> <span class='ocrx_word' id='word_1_252' title='bbox 772 3250 874 3300; x_wconf 77' lang='grc' dir='ltr'><em>τοῖς</em></span> <span class='ocrx_word' id='word_1_253' title='bbox 907 3245 1202 3311; x_wconf 70' lang='grc' dir='ltr'><em>Θαργηλίοις</em></span> <span class='ocrx_word' id='word_1_254' title='bbox 1242 3241 1331 3299; x_wconf 63' lang='grc' dir='ltr'>τοὶς</span> <span class='ocrx_word' id='word_1_255' title='bbox 1366 3240 1596 3307; x_wconf 70' lang='grc' dir='ltr'><em>ἀπαρχάς</em></span> <span class='ocrx_word' id='word_1_256' title='bbox 1624 3240 1725 3291; x_wconf 74' lang='grc' dir='ltr'>τῶν</span> <span class='ocrx_word' id='word_1_257' title='bbox 1751 3245 2000 3307; x_wconf 56' lang='lat' dir='ltr'>(samque-</span> 
     </span>
     <span class='ocr_line' id='line_1_34' title="bbox 171 3327 1999 3395; baseline 0.003 -23"><span class='ocrx_word' id='word_1_258' title='bbox 171 3342 271 3375; x_wconf 73' lang='lat' dir='ltr'>mov</span> <span class='ocrx_word' id='word_1_259' title='bbox 312 3327 565 3372; x_wconf 74' lang='grc' dir='ltr'><em>ποιεῖσθαι</em></span> <span class='ocrx_word' id='word_1_260' title='bbox 607 3329 695 3373; x_wconf 83' lang='grc' dir='ltr'>καὶ</span> <span class='ocrx_word' id='word_1_261' title='bbox 737 3329 1096 3391; x_wconf 30' lang='grc' dir='ltr'>περικοιιιίζειν.</span> <span class='ocrx_word' id='word_1_262' title='bbox 1154 3330 1328 3389; x_wconf 76' lang='lat' dir='ltr'>(Festo</span> <span class='ocrx_word' id='word_1_263' title='bbox 1355 3329 1731 3392; x_wconf 80' lang='lat' dir='ltr'>Thargeliorum</span> <span class='ocrx_word' id='word_1_264' title='bbox 1758 3329 1999 3395; x_wconf 83' lang='lat' dir='ltr'>primitiae</span> 
     </span>
     <span class='ocr_line' id='line_1_35' title="bbox 171 3409 1496 3475; baseline -0.001 -14"><span class='ocrx_word' id='word_1_265' title='bbox 171 3412 289 3461; x_wconf 58' lang='lat' dir='ltr'>‘iant</span> <span class='ocrx_word' id='word_1_266' title='bbox 317 3409 658 3475; x_wconf 80' lang='lat' dir='ltr'>apparentium</span> <span class='ocrx_word' id='word_1_267' title='bbox 686 3411 926 3461; x_wconf 85' lang='lat' dir='ltr'>fructuum</span> <span class='ocrx_word' id='word_1_268' title='bbox 957 3420 1002 3461; x_wconf 77' lang='lat' dir='ltr'>et</span> <span class='ocrx_word' id='word_1_269' title='bbox 1031 3412 1496 3473; x_wconf 68' lang='lat' dir='ltr'>circuuwehantur.)</span> 
     </span>
    </p>
   </div>
  </div>
 </body>
</html>
