2114 3642
156 195 257 242 622
684 203 1092 241 coMMENTAmth
1120 200 1189 233 Ao
1219 196 1323 234 1455.
1354 198 1457 233 1456.

148 337 247 385 suis
276 337 554 402 ejiciantur,
598 352 696 383 uon
726 349 870 391 vero,
912 336 964 378 ut
991 328 1233 378 Caecilius
1273 336 1466 389 censet,
1508 328 1557 376 in
1586 345 1670 377 eos
1700 328 1831 377 solos
1859 327 1940 393 qui
1969 344 1993 375 e

137 419 357 484 judicato
386 420 619 475 debeant,
663 412 976 479 Phrynichus
1003 428 1200 478 quoque
1228 410 1391 478 palam
1420 411 1550 461 facit.

282 502 359 552 Cf.
388 503 568 550 Lexica
596 498 798 562 Seguer.
829 515 873 562 p.
909 497 1022 557 188,
1055 497 1172 544 252.

285 596 430 663 Apud
458 596 708 643 Romanos
748 593 797 639 in
838 592 1241 640 contentionibus
1283 590 1342 639 de
1377 590 1690 656 possessione
1719 597 1830 639 ante
1861 591 1994 639 litem

141 699 306 731 coram
349 678 514 745 judice
558 674 906 734 dirimendam,
950 681 1148 740 praetor
1199 681 1283 723 aut
1334 673 1599 739 proconsul
1654 674 1995 722 auctoritatem

140 783 275 814 suam
307 760 535 811 finiendis
564 758 916 808 controversiis
945 756 1319 823 interponebat,
1361 764 1408 806 et
1448 758 1496 806 in
1525 774 1717 807 summa
1746 764 1829 805 aut
1850 756 1993 822 jube-

140 849 224 896 bat
252 845 435 909 aliquid
464 844 594 903 fieri,
637 850 721 891 aut
762 843 864 890 fieri
901 840 1224 906 prohibebat,
1263 840 1504 889 formulae
1535 850 1698 889 autem
1728 841 1992 889 verborum

140 939 187 980 et
214 929 567 995 conceptiones
595 925 772 992 quibus
801 926 850 973 in
880 942 936 973 ea
963 941 1012 973 re
1039 924 1296 983 utebatur,
1339 926 1382 973 D
1401 942 1424 973 e
1443 941 1467 973 c
1486 932 1628 973 reta
1668 933 1750 973 aut
1789 926 1991 974 Inter-

140 1015 168 1063 d
186 1016 198 1062 i
216 1023 318 1061 cta
345 1012 664 1062 vocabantur.
707 1012 750 1058 D
769 1027 793 1057 e
811 1016 945 1058 oret
964 1027 1015 1066 a,
1046 1026 1153 1058 cum
1182 1009 1287 1058 fieri
1317 1008 1500 1073 aliquid
1524 1008 1690 1074 jubet,
1721 1009 1855 1058 velut
1883 1026 1995 1058 cum

138 1097 402 1164 praecipit,
431 1103 484 1144 ut
510 1094 695 1159 aliquid
724 1093 1013 1141 exhibeatur
1041 1100 1124 1141 aut
1151 1092 1462 1155 restituatur-3
1503 1094 1637 1141 inte
1655 1091 1871 1142 rdicta
1911 1109 1993 1141 ve-

138 1199 218 1240 ro,
259 1197 370 1229 cum
400 1177 630 1245 prohibet
660 1178 783 1231 fieri,
828 1174 962 1224 velut
1003 1192 1112 1223 cum
1153 1176 1423 1241 praecipit,
1465 1193 1526 1224 ne
1556 1177 1659 1224 sine
1688 1176 1808 1224 vitio
1836 1176 1992 1242 possi-

138 1263 273 1312 denti
304 1265 375 1312 vis
404 1263 499 1311 fiat.
554 1262 658 1309 Nec
698 1269 862 1308 tamen
904 1276 1014 1308 cum
1056 1258 1172 1323 quid
1206 1259 1409 1324 jusserit
1450 1261 1551 1308 fieri
1590 1268 1671 1308 aut
1699 1261 1803 1308 fieri
1831 1259 1993 1325 prohi-

138 1348 324 1407 buerit,
366 1347 530 1394 statim
558 1353 813 1410 peractum
843 1352 914 1392 est
944 1343 1226 1407 negotium,
1270 1343 1354 1391 sed
1383 1343 1443 1392 ad
1477 1343 1698 1409 judicem
1725 1344 1821 1392 itur
1849 1352 1896 1392 et
1922 1343 1990 1391 ibi

140 1431 412 1495 quaeritur,
455 1447 518 1477 an
546 1427 729 1492 aliquid
771 1426 1007 1476 adversus
1048 1426 1290 1491 praetoris
1330 1427 1545 1476 edictum
1574 1427 1757 1476 factum
1783 1428 1869 1488 sit,
1913 1427 1992 1475 vel

139 1531 201 1561 an
230 1514 413 1563 factum
441 1530 540 1561 non
568 1513 655 1573 sit,
684 1511 817 1576 quod
845 1512 884 1559 is
914 1511 1018 1559 fieri
1041 1510 1254 1576 jusserit.
1297 1509 1373 1570 (Gr
1390 1512 1477 1576 aji
1520 1512 1732 1561 Instit.
1770 1510 1858 1570 IV,
1887 1510 1989 1559 139

140 1597 359 1656 --140.)
800 1595 804 1599 ”

284 1682 340 1729 In
367 1680 678 1745 possessoriis
708 1678 1081 1744 quaestionibus
1114 1678 1318 1727 dubium
1346 1694 1447 1726 non
1476 1687 1548 1727 est
1576 1678 1883 1728 decemviros
1915 1679 1993 1744 ju-

141 1765 354 1825 dicasse,
396 1763 527 1829 quod
555 1770 810 1829 praetores
838 1762 1015 1811 deinde
1046 1780 1135 1811 suo
1171 1761 1253 1810 illo
1296 1761 1454 1810 edicto
1495 1763 1586 1811 uti
1625 1781 1656 1828 p
1675 1762 1852 1811 ossid
1871 1763 1997 1810 etis

140 1850 355 1915 apertius
384 1848 752 1914 explicuerunt,
796 1847 1184 1913 possessionem,
1221 1863 1344 1911 quae
1373 1862 1464 1894 nec
1494 1846 1569 1907 vi,
1598 1862 1689 1894 nec
1725 1847 1874 1908 clam,
1905 1862 1996 1894 nec

141 1934 365 1999 precario
394 1939 674 1992 teneretur,
715 1933 822 1980 loco
864 1950 951 1980 suo
993 1930 1291 1980 movendam
1332 1947 1429 1978 non
1463 1947 1595 1989 esse,
1637 1929 1722 1979 sed
1760 1929 1999 1980 tuendam

141 2018 327 2083 potius,
368 2016 619 2083 pendente
660 2017 979 2082 proprietatis
1019 2016 1321 2081 quaestione.
1376 2017 1648 2065 Potuerant
1677 2015 1885 2064 Romani
1916 2031 1996 2062 au-

142 2101 269 2162 dire,
313 2100 442 2165 quod
473 2100 686 2149 Pericles
715 2101 845 2166 apud
875 2101 1219 2166 Thucydidem
1249 2101 1313 2161 (Ι,
1347 2100 1473 2159 141)
1503 2108 1883 2161 commemorat,
1924 2099 1996 2147 in-

141 2193 216 2234 ter
243 2184 570 2235 Athenienses
610 2193 656 2234 et
697 2185 1116 2235 Lacedaemonios
1157 2184 1424 2249 aliquando
1463 2184 1785 2233 constitutum
1821 2183 1996 2232 fuisse:

142 2277 207 2317 ut
259 2269 330 2317 de
383 2269 574 2318 rebus
640 2269 1107 2318 controversis
1153 2268 1414 2334 judicio
1468 2268 1768 2316 vicissim
1820 2268 1998 2315 inter

144 2371 259 2401 nos
300 2352 799 2418 disceptaretur
839 2360 898 2400 et
936 2352 1200 2417 utrique
1241 2369 1312 2401 ea
1348 2352 1793 2401 retineremus
1834 2365 1995 2415 quae

145 2449 458 2484 tenemus.
502 2436 688 2495 (Δίκας
723 2436 819 2498 μὲν
860 2433 959 2482 τῶν
1002 2431 1263 2498 διαφόρων
1302 2432 1534 2492 ἀλλήλοις
1566 2430 1763 2481 διδόναι
1795 2435 1883 2479 καὶ
1914 2430 1994 2478 δέ-

139 2521 330 2579 χεσθαι
349 2555 362 2575 ,
392 2518 530 2579 ἔχειν
559 2517 607 2565 δὲ
639 2520 905 2582 ἑκατέρους
934 2514 966 2564 ὁὶ
995 2520 1225 2582 ἔχομεν).
1268 2520 1377 2569 Hoc
1405 2518 1533 2567 enim
1564 2526 1637 2567 est
1663 2518 1896 2584 perinde,
1928 2527 1997 2566 at-

147 2621 239 2667 que
279 2604 318 2651 si
357 2604 730 2652 convenissent:
784 2604 876 2651 uti
907 2604 1358 2668 possidemus,
1398 2616 1462 2651 ut
1502 2602 1995 2667 possideamus,

147 2686 408 2736 interea
447 2686 584 2735 dum
615 2685 877 2751 judicio
918 2686 1459 2753 disceptabimus,

916 2826 1014 2879 Ad
1041 2827 1232 2880 1456.

293 2935 406 2982 Jam
434 2938 482 2984 in
511 2937 833 3002 paragraphis
851 2937 952 2983 766
969 2944 1015 2984 et
1031 2937 1132 2983 767
1152 2937 1392 3000 agebatur
1420 2936 1479 2984 de
1508 2952 1606 2984 uno
1633 2950 1817 2999 genere
1846 2936 1995 2983 actio,

152 3017 225 3065 nis
252 3013 480 3074 ἐξούλης,
523 3037 645 3085 quae
688 3037 866 3086 nempe
908 3028 1026 3068 tunc
1060 3019 1275 3068 habebat
1302 3021 1493 3076 locum,
1537 3020 1575 3067 si
1603 3019 1710 3084 quis
1738 3019 1995 3067 convictus

155 3101 429 3151 executioni
457 3104 730 3153 sententiae
756 3122 809 3152 se
837 3105 1162 3170 opposuisset.

297 3183 390 3231 Hic
418 3191 577 3232 autem
607 3188 767 3250 agitur
795 3188 853 3236 de
882 3188 1035 3236 altera
1062 3184 1266 3243 ἐξούλης
1296 3188 1514 3245 actione,
1558 3203 1704 3250 quam
1734 3186 1996 3250 possiden-

152 3275 227 3316 tes
253 3275 426 3315 contra
451 3267 560 3314 illos
588 3269 926 3330 intendebant,
956 3290 983 3320 a
1010 3272 1187 3335 quibus
1216 3272 1262 3317 in
1293 3289 1340 3317 re·
1371 3288 1597 3335 possessa
1624 3285 1820 3333 quoquo
1849 3269 1995 3317 modo

152 3350 373 3416 impediti
401 3349 619 3397 fuissent.
