2114 3642
704 152 1110 183 (osnffiu'mmcs
1142 151 1205 184 ,an
1239 150 1339 184 1403.
1375 151 1473 184 1405.
1908 138 2006 186 615

306 279 446 340 Lycii
473 279 717 327 bonorum
745 278 951 327 heredes
982 279 1127 327 filias.
1159 296 1256 327 uon
1286 279 1410 328 filios
1438 279 1754 342 reliquerunt.
1797 282 1898 340 (Νι
1916 298 1940 330 c
1959 302 2007 330 o-

162 361 248 410 lal
277 362 321 410 D
339 377 425 409 am
446 378 509 410 as
527 379 563 410 c„
595 363 770 426 fragm.
802 361 947 422 129.)

936 501 1034 555 Ad
1060 503 1250 556 1403.

304 613 449 680 Apud
476 613 724 662 Romanos
753 613 964 662 melioris
991 613 1286 664 conditionis
1316 623 1454 664 erant
1489 614 1703 665 feminae
1733 630 1879 678 quam
1906 630 2006 662 ma-

161 698 307 753 sculi3
359 714 473 745 nam
513 697 759 745 masculus
799 697 957 744 minor
1005 714 1246 746 annorum
1286 698 1419 747 XIV.
1463 703 1802 747 testamentum
1844 696 2006 745 facere

158 798 258 829 non
286 780 470 845 potuit,
513 779 700 829 etiamsi
742 788 901 829 tutore
939 787 1136 829 auctore
1173 788 1518 830 testamentum
1548 781 1709 830 facere
1738 780 2005 832 voluissetz

160 863 341 912 femina
377 880 492 913 vero
534 871 643 928 post
683 864 793 914 XII.
824 881 1008 912 anuum
1047 865 1325 913 testamenti
1366 864 1581 914 faciundi
1610 871 1772 913 tutore
1803 871 2003 913 auctore

151 946 234 1012 jus
262 946 653 996 nanciscebatur.
695 946 768 1005 (G
784 947 871 1010 aji
900 948 969 995 In
989 948 1071 996 sti
1090 954 1119 994 t.
1147 948 1209 1001 II,
1244 947 1387 1006 113.)

301 1031 544 1095 Inpubes,
587 1030 700 1078 licet
726 1029 797 1078 sui
819 1030 944 1093 juris
972 1030 1057 1085 sit,
1099 1030 1258 1078 facere
1301 1038 1648 1078 testamentum
1689 1048 1785 1078 nou
1813 1037 2003 1093 potest,

160 1113 391 1178 quoniam
405 1112 623 1163 nondum
640 1111 1090 1178 plenumjudicium
1108 1113 1255 1162 animi
1273 1113 1432 1162 habet.
1465 1112 1737 1176 (Ulpian
1768 1112 1877 1174 XX,
1898 1112 2004 1169 223

931 1252 1030 1307 Ad
1058 1253 1246 1307 1405.

302 1363 449 1430 Apud
489 1365 743 1413 Romanos
783 1373 887 1413 erat
927 1364 1175 1429 quoddam
1214 1382 1370 1427 genus
1411 1364 1718 1423 testamenti,
1762 1363 1889 1428 quod
1918 1381 2007 1428 per

157 1468 239 1497 aes
269 1457 315 1497 et
342 1448 516 1497 libram
546 1448 814 1510 agebatur3
858 1449 937 1512 qui
980 1448 1108 1496 euim
1139 1448 1300 1495 subita
1329 1455 1481 1496 morte
1511 1445 1807 1512 urgebatur,
1850 1445 2004 1495 amico

158 1532 391 1581 familiam
420 1549 558 1580 suam
586 1529 633 1578 icl
663 1538 735 1579 est
763 1530 1117 1595 patrimonium
1145 1549 1283 1579 suum
1315 1531 1558 1597 mancipio
1589 1530 1765 1589 dabat,
1796 1546 2004 1594 eumque

154 1615 390 1679 rogabat,
434 1614 548 1678 quid
588 1614 760 1678 cuique
804 1622 914 1678 post
952 1622 1158 1663 mortem
1199 1633 1338 1664 suam
1381 1616 1483 1664 (lari
1512 1614 1690 1671 vellet;
1730 1630 1859 1661 nuuc
1887 1630 2004 1662 vero

156 1698 276 1746 alius
316 1697 457 1747 heres
498 1684 794 1746 testamento
834 1698 1126 1753 instituitur,
1171 1697 1293 1766 alius
1334 1698 1497 1747 dicis
1538 1697 1762 1761 gratia
1802 1702 2005 1761 propter¹

156 1781 335 1830 veteris
367 1781 493 1844 juris
532 1780 856 1828 imitationem
896 1780 1111 1830 familiae
1155 1789 1345 1846 emptor
1383 1780 1644 1829 adhibetur
1671 1797 1834 1828 coram
1864 1780 2002 1844 quin-

156 1882 249 1930 que
289 1864 494 1912 testibus
536 1863 725 1910 civibus
754 1863 989 1911 Romanis
1030 1873 1075 1912 et
1109 1864 1414 1929 libripende,
1456 1864 1504 1912 in
1533 1880 1627 1928 qua
1655 1881 1706 1912 re
1734 1863 1806 1912 his
1838 1862 2001 1912 verbis

88 2006 93 2009 Δ
155 1946 365 1996 familiae
396 1952 586 2010 emptor
615 1946 789 1994 utitur:
835 1946 1104 2009 „familiam
1146 1948 1503 2012 pecuniamque
1547 1956 1681 1995 tuam
1710 1945 1837 1995 endo
1866 1963 2002 1995 man-

158 2029 340 2085 datela,
382 2029 536 2078 tutela
573 2030 922 2093 custodelaque
953 2048 1060 2079 mea
1090 2049 1112 2078 e
1135 2032 1245 2096 jure
1276 2031 1538 2091 Quiritium
1567 2047 1671 2081 esse
1701 2030 1805 2093 ajO,
1848 2046 2002 2093 eaque

158 2132 254 2178 quo
280 2113 465 2177 tujure
494 2118 841 2161 testamentum
871 2114 1031 2162 facere
1062 2115 1219 2179 possis
1253 2113 1517 2162 secundum
1545 2114 1703 2177 legem
1733 2112 2000 2177 publicam,

157 2198 249 2246 hoc
277 2213 415 2251 aere,
445 2213 695 2260 aeneaque
723 2196 874 2254 libra,
903 2204 1006 2246 esto
1034 2198 1150 2245 mihi
1180 2199 1402 2263 enipta;‘·‘
1445 2197 1621 2246 deinde
1650 2212 1760 2246 aere
1790 2196 2000 2261 percutit

156 2278 363 2338 libram,
402 2279 548 2343 idque
591 2297 673 2328 aes
714 2278 794 2328 dat
833 2281 1055 2329 testatori
1085 2281 1218 2329 velut
1247 2281 1387 2345 pret-ii
1415 2281 1553 2341 loco,
1594 2279 1767 2329 deinde
1797 2286 2001 2328 testator

158 2363 350 2412 tabulas
388 2363 666 2411 testamenti
701 2370 873 2411 tenens
900 2363 967 2412 ita
994 2364 1135 2413 dicit:
1181 2365 1330 2426 „haec
1360 2365 1426 2411 ita
1455 2371 1504 2412 ut
1532 2364 1581 2411 in
1608 2362 1681 2411 his
1708 2362 1889 2411 tabulis
1917 2378 1994 2411 ce-

158 2447 318 2511 risque
347 2447 530 2510 scripta
558 2453 695 2505 sunt,
738 2445 805 2494 ita
834 2446 921 2505 do,
962 2447 1029 2496 ita
1053 2447 1190 2512 lego,
1233 2448 1299 2495 ita
1327 2454 1502 2497 testor,
1544 2446 1707 2511 itaque
1737 2463 1849 2503 vos,
1880 2445 1997 2505 Qui-

157 2530 301 2589 rites,
342 2529 676 2578 testimonium
705 2529 821 2578 mihi
851 2530 1211 2594 pe1·hil)etote“;
1253 2539 1298 2579 et
1338 2530 1429 2578 hoc
1470 2528 1645 2578 dicitur
1681 2528 1999 2593 nuncupatio.

159 2613 235 2675 (G
252 2614 354 2678 aja
381 2612 597 2662 Instit,
628 2613 690 2672 II,
726 2613 1043 2674 tot-404.)

300 2708 480 2757 Dicis
520 2709 738 2771 gratia
780 2717 849 2757 est
892 2709 1141 2760 Graecum
1183 2709 1322 2766 ὺίκης
1365 2712 1526 2756 ἕνεκα.
1585 2707 1830 2758 Graecum
1859 2704 1999 2764 δίκῃς

157 2794 305 2857 igitur
332 2792 537 2841 Romani
567 2798 728 2841 aetate
758 2791 869 2858 Gaji
900 2794 1222 2842 enunciarunt
1251 2801 1300 2841 ut
1336 2793 1511 2841 dicis,
1566 2791 1689 2841 Cum
1719 2798 1879 2840 autem
1906 2789 2000 2839 hoc

158 2876 453 2926 vocabulum
494 2876 640 2924 etiam
680 2874 854 2926 Cicero
895 2877 963 2926 sic
1003 2876 1324 2942 expresserit.
1366 2893 1569 2941 nempe:
1621 2913 1643 2938 e>
1664 2883 1717 2924 ut
1755 2876 1909 2941 possit
1948 2891 1999 2923 se

159 2961 318 3009 dicere
349 2958 522 3007 emisse
553 2997 559 3006 .
592 2997 598 3005 .
631 2997 636 3005 .
668 2959 848 3024 aliquid
887 2960 982 3008 illis
1022 2960 1380 3008 nummulorum
1423 2958 1586 3007 dicis
1625 2977 1771 3009 causa
1799 2959 1935 3008 daret
1955 2959 1997 3015 ᾖ(

161 3045 311 3103 (Ver
328 3061 361 3092 r.
400 3043 667 3102 11,4,24.)
722 3043 895 3105 „Anne
937 3052 987 3093 tu
1029 3044 1194 3093 dicis
1236 3063 1380 3093 causa
1420 3044 1781 3094 vindicaveris*ss
1825 3044 1901 3101 (M
1919 3061 1946 3092 u
1963 3061 1995 3091 r.

159 3128 271 3187 XII,
302 3126 412 3186 26),
454 3125 641 3175 nullum
683 3133 755 3175 est
788 3127 1017 3186 dubium,
1059 3128 1175 3192 quin
1215 3127 1392 3176 Graeci
1435 3135 1593 3176 aetate
1632 3127 1882 3176 Ciceronis
1923 3126 1998 3174 lit-

158 3218 311 3258 teram
356 3229 377 3265 η
415 3218 465 3257 ut
505 3211 518 3256 i
559 3210 944 3259 renunciaverint,
1001 3210 1049 3258 Si
1080 3218 1241 3259 autem
1269 3210 1520 3266 Ciceroni,
1563 3212 1759 3276 linguae
1785 3227 1993 3271 graecae

160 3293 481 3358 peritissimo,
526 3309 623 3342 non
663 3294 797 3342 venit
836 3294 884 3341 in
925 3302 1139 3344 mentem
1168 3304 1216 3342 ut
1247 3294 1463 3344 Graecos
1502 3301 1702 3360 propter
1730 3294 1857 3341 hunc
1884 3310 1995 3358 pro-
