2114 3642
206 223 307 270 574
671 235 1078 270 COMMENTARIUS
1107 233 1175 263 AD
1206 231 1308 266 1162.
1340 230 1444 267 1166.
1475 232 1578 268 1167.

978 355 1079 408 Ad
1104 358 1280 410 1162.

346 459 401 507 In
430 459 601 507 eodem
632 454 980 520 Xenophontis
1020 454 1129 503 loco
1170 455 1290 503 dicit
1316 455 1569 513 Socratem
1612 457 1858 505 civitatem
1901 455 2052 506 alte-

202 543 298 590 riu
317 561 338 589 s
378 560 407 589 n
426 541 625 588 ullius
665 538 1029 601 ingratitudinis
1058 538 1238 586 habere
1267 541 1529 596 rationem,
1576 558 1666 589 nec
1693 543 1742 589 in
1772 560 1879 590 eam
1907 546 2053 592 actio-

203 643 314 673 nem
344 625 482 682 dare,
525 621 609 668 sed
651 638 831 685 susque
872 622 1030 686 deque
1071 623 1227 682 ferre,
1269 624 1307 670 si
1347 624 1599 672 beneficiis
1640 626 1801 674 affecti
1841 627 2054 689 gratiam

204 726 303 756 non
332 706 561 754 referant.
593 704 734 752 Unde
763 712 897 769 patet
921 704 1116 753 nonnisi
1147 695 1318 753 contra
1345 707 1567 768 ingratos
1597 709 1644 755 in
1672 717 1900 772 parentes
1931 710 2055 758 filios

201 793 363 839 datam
404 788 550 835 fuisse
590 783 798 852 γραφήν
826 783 1140 848 ἀχαριστίας.
1194 788 1245 836 Si
1286 790 1437 852 igitur
1466 790 1713 838 Lucianus
1754 792 1872 840 dicit
1911 793 1985 851 (A
2000 794 2052 841 b-

202 873 389 920 dicat.
422 870 527 929 19),
569 871 697 935 quod
739 871 872 933 leges
913 872 1093 934 ingrati
1134 873 1281 920 animi
1318 873 1555 937 judicium
1592 874 1709 922 dent
1743 885 1913 923 contra
1942 894 2051 934 eos,

204 957 285 1020 qui
313 957 439 1003 bene
469 953 526 1002 (le
555 972 605 1003 se
633 956 816 1003 meritis
843 956 1053 1018 gratiam
1082 973 1182 1003 non
1219 956 1473 1004 retulerint
1515 958 1586 1015 (οἱ
1622 953 1768 1019 νόμοι
1798 960 1888 1004 καὶ
1919 955 2053 1018 ἀχα-

200 1038 390 1099 ριστίας
432 1034 735 1095 δικάζεσθαι
779 1035 973 1084 διδόασι
1016 1034 1149 1084 κατά
1190 1036 1293 1084 τῶν
1327 1035 1446 1094 τούς
1475 1035 1735 1106 εὐεργέτας
1756 1038 1827 1104 μὴ
1859 1039 1967 1087 ἀντ’
1997 1036 2054 1088 εὖ

200 1119 537 1180 ποιούντων),
578 1122 626 1169 id
668 1121 793 1169 forte
836 1121 914 1168 vel
948 1121 1007 1169 de
1036 1121 1206 1168 seriori
1236 1131 1419 1182 aetate,
1462 1124 1541 1171 vel
1569 1123 1628 1172 de
1658 1124 1865 1172 aliorum
1893 1142 2046 1191 popu-

199 1206 354 1254 lorum
382 1206 618 1253 institutis
650 1205 1025 1267 intelligendum
1054 1214 1138 1253 est.

976 1345 1075 1398 Ad
1101 1347 1277 1399 1166.

343 1457 382 1504 Ε
420 1456 728 1522 praescripto
772 1456 961 1520 Legum
992 1456 1210 1504 Platonis
1251 1458 1395 1517 (880,
1426 1458 1628 1517 B—D),
1671 1459 1708 1505 si
1739 1461 1846 1523 quis
1876 1460 2051 1523 viginti

200 1541 341 1589 annis
369 1541 448 1588 vel
476 1540 685 1604 amplius
713 1558 764 1588 se
794 1540 1037 1595 seniorem
1066 1541 1316 1601 verberat,
1347 1542 1674 1590 contumeliae
1702 1560 1812 1591 reus
1840 1552 1975 1602 esto,
2007 1550 2054 1591 et

202 1623 555 1671 condemnatus
584 1624 631 1671 in
660 1624 870 1672 vinculis
897 1632 1090 1672 tenetor
1117 1643 1216 1673 non
1244 1627 1406 1673 minus
1442 1644 1586 1674 anno.
1641 1626 1691 1674 Si
1720 1634 1885 1675 autem
1914 1644 2050 1692 pere-

201 1707 369 1769 grinus
401 1706 476 1754 vel
505 1707 859 1770 inquilinorum
887 1707 1064 1772 aliquis
1092 1709 1265 1772 viginti
1293 1711 1435 1757 annis
1465 1727 1515 1757 se
1533 1709 1777 1757 seniorem
1806 1711 2051 1768 verberat,

203 1791 461 1839 damnatus
491 1790 750 1855 injudicio
779 1791 1071 1855 peregrinus
1100 1791 1220 1840 duos
1250 1810 1408 1841 annos
1437 1793 1632 1840 vinctus
1661 1800 1866 1853 tenetor,
1895 1794 2053 1857 inqui«

201 1874 327 1921 linus
356 1891 474 1922 vero
503 1882 601 1922 tres
629 1891 799 1922 annos.

974 1942 1073 1996 Ad
1102 1945 1280 1997 1167.

346 2052 473 2100 Lex
515 2050 785 2100 Zaleuci
826 2052 957 2117 apud
998 2053 1266 2102 Stobaeum
1308 2072 1452 2103 serm.
1495 2057 1575 2115 44,
1618 2056 1713 2103 21:
1772 2053 1960 2112 Μηδεὶς
2002 2054 2050 2102 δὲ

203 2138 383 2202 λεγέτω
423 2133 628 2191 κακῶς,
670 2131 796 2196 μήτε
835 2134 986 2196 κοινῇ
1029 2133 1122 2193 τὴν
1163 2134 1339 2192 πόλιν,
1375 2135 1499 2199 μήτε
1542 2138 1649 2202 ἰδίᾳ
1689 2136 1781 2185 τὸν
1823 2140 2050 2197 πολίτην,

203 2215 313 2265 ἀλλ’
355 2219 398 2265 οἱ
445 2217 543 2266 τῶν
588 2216 756 2281 νόμων
796 2216 1023 2278 φύλακες
1070 2222 1442 2283 ἐπᾳιελείσθων
1484 2221 1583 2269 τῶν
1623 2220 2051 2285 πλιλιῃιιελοόντων

204 2300 404 2364 πρῶτον
450 2304 546 2364 μὲν
602 2300 973 2356 νουθετοῦντες
991 2340 1001 2358 ,
1043 2300 1136 2350 ἐὰν
1187 2302 1235 2351 δὲ
1283 2302 1353 2366 μή
1414 2307 1693 2353 πείθωνται
1749 2303 2053 2368 ζιμιιοῦντες.

205 2386 391 2445 (Nemo
420 2387 547 2436 male
577 2387 707 2437 dicat
735 2389 838 2437 sive
868 2388 1063 2453 publice
1092 2389 1277 2437 civitati
1306 2391 1408 2438 sive
1451 2391 1682 2455 privatim
1711 2391 1832 2448 civi,
1873 2390 1957 2440 sed
1986 2390 2051 2438 le-

203 2487 321 2532 gum
349 2469 578 2518 custodes
607 2487 775 2519 curam
803 2470 1021 2519 habeant
1049 2471 1467 2535 delinquentium,
1507 2474 1716 2538 primum
1744 2473 1939 2537 quidem
1970 2474 2053 2522 ad-

203 2552 477 2613 monend0‚
520 2554 559 2601 si
588 2571 704 2602 vero
733 2572 833 2602 non
862 2555 1119 2615 obediant,
1160 2556 1452 2620 puniendo.)

348 2635 632 2685 Secundum
659 2636 880 2686 Platonis
906 2636 1068 2701 Leges
1096 2638 1241 2698 (954,
1273 2639 1356 2700 E),
1398 2640 1435 2687 si
1478 2640 1585 2704 quis
1611 2640 1826 2703 aliquem
1852 2640 1902 2688 in
1922 2639 2053 2705 judi-

205 2718 279 2766 cio
307 2718 478 2768 adesse
505 2719 759 2785 prohibuit
787 2720 834 2767 vi
862 2721 941 2768 vel
967 2721 1126 2785 ipsum
1155 2722 1234 2771 vel
1261 2731 1423 2783 testeS‚
1459 2724 1499 2771 si
1527 2723 1723 2788 quidem
1749 2740 1946 2771 servum
1975 2724 2053 2772 vel

205 2799 358 2863 ipsius
387 2803 464 2851 vel
492 2801 702 2852 alienum
730 2802 1005 2868 prohibuit,
1047 2804 1284 2853 infectum
1313 2813 1360 2854 et
1386 2807 1576 2854 irritum
1605 2808 1689 2855 fiat
1707 2806 1974 2871 judicium3
2015 2807 2053 2854 si

207 2898 324 2931 vero
352 2884 584 2946 liberum,
626 2896 968 2951 praeterquam
1007 2887 1138 2951 quod
1176 2889 1537 2950 infectumsit,
1579 2890 1629 2938 in
1656 2890 1862 2938 vinculis
1889 2898 2051 2939 tenea-

206 2971 283 3012 tur
311 2983 492 3014 annum
521 2976 568 3017 et
594 2970 749 3034 plagii
776 2985 888 3018 reus
916 2970 978 3018 ab
1008 2987 1091 3030 eo,
1121 2971 1202 3034 qui
1228 2972 1382 3032 volet,
1414 2974 1587 3038 agitor.
1632 2965 1644 2982 ‘
1662 2969 1918 3019 Υπόδικον
1945 2968 1976 3019 ἀ
1996 2991 2052 3019 ν-

208 3043 238 3090 δ
251 3064 276 3106 ρ
293 3062 322 3090 α
343 3065 372 3091 π
390 3065 415 3091 o
434 3045 462 3092 δ
477 3067 492 3094 ι
510 3065 584 3111 σμ
602 3070 629 3097 0
646 3051 676 3098 1]
715 3049 787 3115 τῴ
815 3053 1044 3099 ἐθέλοντι
1073 3053 1362 3118 γίγνεσθαι.
1491 3040 1494 3043 .

354 3129 498 3195 Apud
527 3133 752 3184 Lucanos
781 3137 817 3183 si
848 3135 1100 3185 occidente
1131 3136 1235 3200 jam
1275 3139 1376 3187 sole
1419 3139 1609 3187 venerit
1647 3141 1939 3204 peregrinus
1966 3126 2049 3189 vo-

207 3212 444 3277 lueritque
473 3215 562 3262 sub
590 3225 769 3268 tectum
798 3220 1005 3284 alicujus
1033 3219 1314 3277 devertere,
1357 3222 1396 3269 is
1430 3239 1546 3270 vero
1575 3223 1824 3271 hominem
1852 3242 1951 3271 non
1978 3242 2050 3273 re-

207 3295 419 3359 ceperit,
458 3297 716 3348 mulctetur
755 3311 801 3350 et
841 3319 1024 3367 poenas
1053 3303 1154 3350 luat
1181 3303 1581 3369 inhospitalitatis
1612 3307 1977 3365 (κακοξενίας)
2005 3315 2050 3355 et

207 3375 273 3424 illi
303 3378 381 3439 qui
411 3377 620 3437 advenit7
651 3390 694 3428 ct
716 3384 833 3432 ,Iovi
862 3386 1121 3449 Hospitali.
1151 3386 1365 3446 (Aelia
1386 3406 1429 3436 n.
1458 3388 1546 3436 Va
1562 3406 1595 3436 r.
1627 3389 1768 3438 hist.
1801 3392 1886 3445 IV,
1922 3393 1961 3449 1,
1991 3393 2049 3447 1.)
