2114 3642
201 192 302 240 476
588 209 994 242 smmis-nmmos
1021 207 1089 239 Ao
1118 205 1198 239 450.
1227 207 1308 241 451.
1337 209 1418 242 454.
1446 208 1528 243 455.
1557 208 1638 243 457.

200 336 504 386 meretricem
532 336 794 402 quamdam
822 334 1060 398 appellari
1089 335 1406 397 Nemeadem,
1435 337 1634 385 nomine
1663 354 1692 383 a
1718 335 2038 386 celeberrima

198 420 490 468 solennitate
519 420 770 478 desumt03
808 434 919 465 cum
958 435 1059 465 non
1102 417 1248 466 modo
1282 419 1647 478 meretricibus,
1689 437 1860 467 verum
1889 420 2036 468 etiam

197 501 304 549 aliis
331 502 482 550 servis
509 500 818 558 mulieribus,
859 500 976 549 talia
1014 500 1198 564 imponi
1239 502 1440 550 nomina
1466 502 1661 566 legibus
1689 503 1895 551 vetitum
1922 502 2035 550 fuis-

198 593 297 645 set,
338 594 388 633 ut
414 584 480 632 ait
506 582 710 631 Polemo
737 583 788 630 in
814 582 948 632 libris
978 583 1108 644 Περὶ
1137 576 1506 646 Ἀκροπόλεως.

973 721 1072 775 Ad
1100 724 1255 776 450.

335 830 510 879 Suidas
554 849 589 879 s.
632 849 674 880 v.
714 829 1030 893 βοηδρομιά.·
1094 831 1401 895 βοηδρομεῖν
1440 834 1686 899 significat
1725 850 1868 898 opem
1912 833 2035 881 ferre

195 914 489 974 (f'i'oqt‘lel'v),
531 913 579 962 id
619 923 692 962 est
731 915 793 964 ad
831 915 1075 980 proelium
1113 933 1369 966 accurrere
1410 914 1691 977 (δραμεῖν).
1743 916 1832 964 Est
1871 925 2034 965 autem

192 996 486 1046 Boedromia
512 998 691 1046 festum
720 997 956 1059 Athenis,
992 999 1106 1048 inde
1135 1010 1387 1060 vocatum,
1424 1000 1554 1065 quod
1582 1002 1661 1057 Io,
1697 999 1851 1048 Xuthi
1881 1000 2033 1060 filius,

191 1079 412 1128 celeriter
452 1098 595 1145 opem
634 1081 824 1130 tulisset
863 1079 1199 1143 (ἐβοήθησεν)
1245 1083 1651 1143 Atheniensibus,
1695 1101 1807 1131 cum
1846 1083 1908 1131 ab
1938 1083 2033 1131 Eu-

191 1161 395 1226 molpo,
456 1163 674 1228 Neptuni
727 1162 864 1225 filio,
924 1165 1056 1213 bello
1108 1174 1486 1232 premerentur,
1541 1173 1779 1230 regnante
1831 1163 2035 1215 Athenis

192 1245 482 1294 Erechtheo.

338 1327 410 1377 Cf.
440 1329 651 1395 Etymol.
680 1328 845 1393 Magn.
873 1348 918 1396 p.
948 1331 1064 1379 202.

969 1470 1069 1524 Ad
1109 1472 1251 1525 451.

334 1578 551 1628 Genesia
578 1579 723 1628 etiam
754 1577 967 1627 νεκύσια
994 1583 1205 1642 (funeris
1234 1583 1500 1641 solemnia)
1542 1582 1864 1631 vocabantur.
1917 1582 2035 1630 Erat

192 1661 294 1709 dies
347 1662 570 1724 lugubris
620 1664 670 1710 in
721 1664 1007 1713 memoriam
1059 1664 1419 1714 defunctorum.
1476 1666 1689 1725 (Lexica
1730 1665 2034 1730 Segueriana

190 1763 237 1809 p.
262 1745 375 1793 231.
404 1744 565 1794 Schol.
593 1745 654 1795 ad
683 1745 872 1795 Platon.
903 1744 1061 1796 Alcib.
1089 1749 1124 1796 Ι.
1153 1767 1201 1813 p.
1230 1748 1346 1796 388.
1376 1749 1449 1798 ed.
1478 1748 1686 1797 Bekker.
1716 1747 2033 1813 Hesychius.)

969 1887 1068 1940 Ad
1093 1889 1250 1942 454.

334 1995 509 2043 Strabo
536 1997 596 2044 X.
637 2014 742 2062 cap.
771 1997 816 2057 3,
852 1996 927 2045 10.
968 2016 1015 2062 p.
1046 1997 1175 2046 717:
1218 1998 1394 2047 Graeci
1436 1999 1598 2048 Iacchi
1634 2000 1833 2048 nomine
1861 1998 2029 2064 appel-

192 2075 295 2125 lant
322 2086 369 2124 et
396 2079 646 2129 Bacchum
674 2089 722 2129 et
748 2081 1021 2146 principem
1050 2082 1420 2146 mysteriorum,
1461 2083 1662 2146 genium
1690 2082 1898 2132 Cereris.

335 2160 410 2209 Cf.
439 2160 603 2212 Schol.
630 2164 681 2212 in
708 2162 1020 2229 Aristophan.
1051 2165 1174 2213 Ran.
1204 2165 1319 2213 324.

971 2304 1071 2357 Ad
1095 2306 1251 2358 455.

335 2409 537 2460 Suidas:
578 2410 936 2475 [Ἀυστήρια
981 2421 1094 2462 sunt
1134 2414 1341 2462 initia.
1394 2413 1662 2476 Alvovjqca
1703 2423 1867 2464 autem
1902 2415 2032 2462 dicta

192 2504 305 2541 sunt
343 2495 405 2543 ab
447 2513 503 2544 eo
541 2496 671 2560 quod
711 2506 782 2545 est
810 2492 992 2558 μύειν,
1032 2497 1080 2546 id
1108 2506 1205 2557 est,
1248 2498 1502 2560 claudere3
1543 2499 1674 2563 quod
1702 2499 1783 2564 qui
1812 2518 1869 2548 ea
1896 2498 2027 2547 audi-

191 2585 324 2637 rent,
366 2595 419 2626 05
446 2579 750 2639 clauderent,
791 2597 949 2646 neque
979 2599 1036 2630 ea
1063 2581 1147 2629 ulli
1176 2582 1508 2630 enunciarent.

335 2672 539 2723 Veteres
568 2674 745 2724 Graeci
773 2676 912 2724 initia
939 2677 1191 2725 Eleusinia
1230 2677 1398 2725 ceteris
1441 2678 1667 2725 omnibus
1708 2695 1833 2741 quae
1861 2675 1922 2724 ad
1951 2693 2029 2724 ve-

194 2756 495 2804 nerationem
522 2756 728 2806 deorum
754 2767 1007 2824 spectant,
1048 2767 1182 2807 tanto
1223 2760 1507 2822 augustiora
1540 2759 1809 2818 ducebant,
1850 2767 2031 2823 quanto

195 2833 310 2885 deos
338 2849 588 2902 praestare
615 2843 859 2906 putabant
885 2841 1180 2891 hominibus,
1222 2843 1461 2902 (Pausa
1479 2861 1523 2891 11.
1554 2844 1614 2903 Χ,
1644 2844 1724 2903 31,
1762 2842 1863 2901 11.)

973 2981 1071 3034 Ad
1096 2983 1251 3034 457.

339 3088 567 3139 Clemens
595 3091 732 3142 Alex.
774 3093 1061 3142 Cohortatio
1098 3093 1160 3142 ad
1198 3104 1372 3156 gentes
1400 3095 1461 3146 ll.
1500 3094 1585 3142 13:
1627 3087 1784 3155 Α’ᾄστι
1817 3089 1872 3138 τὸ
1903 3089 2030 3139 σύν-

201 3171 337 3229 ὕημα
373 3165 699 3221 Ἐλευσινίων
731 3177 1022 3237 μυστηρίων
1038 3189 1047 3200 ·
1099 3179 1121 3223 ε’
1138 3194 1164 3222 ν
1186 3173 1207 3232 ἡ
1227 3192 1291 3222 στ
1310 3197 1328 3223 ε
1351 3195 1375 3222 υ
1395 3192 1422 3222 o‘
1438 3194 1468 3222 α
1485 3191 1493 3199 ·
1535 3176 1633 3222 ἔπι
1654 3194 1679 3221 0
1701 3193 1726 3221 ν
1769 3196 1788 3221 τ
1807 3172 1832 3222 ὁ
1853 3194 1880 3222 ν
1919 3195 1953 3221 κ
1974 3193 2029 3222 υ-

198 3250 440 3298 nsaiwa-
484 3254 729 3317 ἔλαβον
767 3263 839 3306 ἐκ
877 3262 1141 3317 κίστης·
1181 3257 1644 3325 ἐργασάμενος
1684 3255 2031 3320 ἀπεθέμην

198 3337 290 3391 εἰς
328 3333 664 3384 κάλαθον
718 3345 830 3390 καὶ
877 3346 949 3390 εκ
999 3340 1314 3390 καλάθόυ
1365 3344 1457 3397 εἰς
1509 3343 1762 3398 κίστην.
1820 3345 2028 3408 (Estque
