2161 3673
511 222 871 256 MAcisTRA‘rus
897 222 1225 257 OECONOMIAE
1250 224 1520 259 PUBLICAE.
1856 213 1915 261 71

984 350 1013 398 ’7
1053 388 1062 398 .

238 430 440 500 Logista
465 449 490 483 e
516 431 733 498 qualibet
757 431 885 481 tribu
912 349 985 481 es2t
1009 350 1148 483 gnus.

944 538 1059 589 278.

236 634 336 681 Καὶ
361 629 455 691 τὴν
477 628 671 695 βουλὴν
706 628 801 689 τήν
838 634 894 680 ἐν
924 627 1110 697 Ἀρείῳ
1150 633 1294 701 πάγῳ
1332 634 1606 702 ἐγγράφειν
1643 633 1763 699 πρὸς
1795 633 1918 692 τούς

97 713 328 786 λογιστὰς
353 713 512 784 λόγον
535 716 626 763 καὶ
652 711 882 771 εὐθύνας
909 712 1120 767 διδόναι.

908 799 1159 861 (Aeschin.
1183 803 1235 852 in
1262 802 1547 870 Ctesiphon.
1574 800 1618 869 ξ.
1647 802 1773 865 20.).

944 907 1059 957 278.

233 990 394 1040 Etiam
419 989 794 1055 Areopagiticus
832 999 1030 1040 senatus
1067 991 1283 1041 rationes
1321 1007 1434 1040 suas
1473 992 1604 1057 apud
1643 992 1914 1059 praefectos

93 1073 456 1125 ratiociniorum
481 1072 674 1122 referat.
947 1144 1048 1191 279

234 1237 299 1286 Εἴ
321 1239 421 1285 ἔστι
448 1257 518 1293 τις
556 1233 828 1300 ἄνθρωπος
868 1231 922 1293 ὃς
962 1230 1073 1285 οὔτ’
1100 1235 1307 1297 εἴληφεν
1345 1234 1499 1286 οὐδὲν
1523 1237 1627 1287 τῶν·
1653 1238 1916 1302 δημωσίων

93 1317 203 1371 οὔτ’
243 1318 508 1379 ἀνήλωκε,
561 1317 815 1384 προσῆλθε
854 1316 903 1366 δὲ
944 1316 1063 1380 πρὸς
1100 1338 1146 1366 τι
1190 1317 1293 1367 τῶν
1330 1319 1555 1379 κοινῶν,
1599 1325 1689 1370 καὶ
1727 1319 1916 1370 τοῦτον

92 1401 365 1467 ἀποφέρειν
390 1400 546 1470 λόγον
571 1400 691 1465 πρὸς
716 1398 834 1457 τούς
868 1398 1127 1469 λογιστάς,
1168 1405 1258 1450 καὶ
1286 1399 1414 1451 αὐτὸ
1441 1402 1596 1452 τοῦτο
1623 1403 1913 1472 ἐγγράφειν,

91 1485 167 1535 ὅτι
197 1480 339 1551 ,,οῧτ’
366 1486 556 1549 ἔλαβον
589 1481 741 1534 οὐδὲν
780 1483 881 1532 τῶν
919 1483 1000 1542 τῆς
1039 1483 1223 1541 πόλεως
1262 1479 1374 1534 οὔτ’
1402 1482 1681 1545 ἀνήλωσα.“
1729 1484 1914 1536 ‘Am-13-

93 1573 262 1618 θυνον
299 1567 348 1618 δὲ
388 1572 478 1617 καὶ
519 1566 846 1627 ἀνεξέταστον
888 1572 978 1616 καὶ
1017 1565 1261 1628 ἀζήτητον
1301 1566 1454 1618 οὐδέν
1491 1573 1593 1619 ἐστι
1632 1569 1734 1619 τῶν
1775 1574 1831 1622 ἐν
1854 1569 1913 1635 τῇ

92 1649 243 1702 πόλει.
878 1652 1133 1713 (Aeschin.
1161 1654 1210 1702 in
1238 1653 1545 1720 Ctesiphont.
1573 1651 1616 1720 ξ.
1644 1654 1772 1718 22.)

939 1759 1054 1808 279.

230 1843 281 1893 Si
307 1845 487 1909 estqui
514 1862 573 1894 ex
598 1844 807 1909 pecunia
845 1843 1044 1909 publica
1082 1861 1240 1909 neque
1281 1846 1489 1911 sumpsit
1527 1846 1787 1911 quicquam
1827 1863 1907 1896 ne-

91 1945 184 1993 que
221 1928 505 1991 insumpsit,
557 1926 618 1974 ad
658 1927 871 1991 aliquam
911 1934 1075 1976 tamen
1115 1927 1412 1993 reipublicae
1453 1929 1659 1978 accessit
1694 1937 1909 1995 partem,

92 2011 237 2060 etiam
285 2010 362 2059 hic
400 2011 612 2058 rationes
649 2010 829 2059 referat
878 2011 1010 2076 apud
1059 2012 1332 2076 praefectos
1384 2012 1672 2073 ratiociniis,
1726 2019 1774 2061 et
1821 2011 1911 2062 hoc

91 2094 251 2158 ipsum
301 2093 475 2142 tabulis
524 2093 785 2154 inscribat,
837 2113 899 2144 se
945 2112 1060 2144 nec
1098 2096 1465 2162 sumpsisse
1503 2096 1845 2161 quicquam
1884 2113 1908 2144 e

91 2176 324 2242 pubico
363 2194 478 2226 nec
515 2177 962 2244 insumpsisse.
1017 2179 1232 2229 Omnino
1274 2188 1440 2229 autem
1478 2197 1668 2239 eorum,
1709 2181 1909 2246 quaein

89 2258 283 2309 civitate
309 2268 446 2321 sunt,
487 2259 607 2309 nihil
644 2268 742 2321 est,
783 2261 842 2310 de
877 2279 972 2326 quo
1011 2279 1109 2310 non
1151 2262 1400 2313 reddenda
1437 2263 1498 2312 sit
1537 2262 1685 2323 ratio,
1726 2262 1785 2312 de
1813 2280 1908 2329 quo

89 2358 188 2390 non
215 2342 276 2391 sit
302 2342 657 2408 quaerendum,
686 2343 815 2409 quod
843 2362 941 2393 non
969 2345 1030 2393 sit
1057 2345 1426 2412 explorandum.

937 2451 1053 2499 280.

231 2544 291 2590 Οι
318 2540 402 2597 τὰς
429 2540 655 2599 εὐθύνας
695 2542 918 2600 ὃιδόντις
958 2564 1089 2607 παρα
1131 2545 1328 2599 τούτοις
1368 2541 1736 2607 άνακρίνονται
1763 2543 1906 2611 πρῶ-

89 2646 204 2683 τον.
245 2623 350 2674 εἶτα
375 2629 598 2687 ἐφίενται
626 2629 695 2683 εἰς
721 2625 778 2674 τὸ
807 2627 1152 2692 ὂικαοτηριον,
1177 2630 1245 2683 εἰς
1271 2632 1358 2677 ἕνα
1385 2631 1474 2675 καὶ
1501 2626 1564 2688 φ’.

1021 2714 1165 2774 (Lex.
1193 2713 1391 2763 Rhet01.
1419 2730 1464 2777 p.
1494 2712 1610 2774 672,
1639 2713 1763 2774 20.).

936 2825 1051 2873 280.

228 2904 538 2968 Magistratus
564 2907 777 2956 rationes
817 2907 1077 2957 reddentes
1115 2908 1325 2972 primum
1351 2906 1482 2970 apud
1509 2906 1596 2955 hos
1622 2908 1902 2957 examinan-

88 2997 178 3048 tur,
205 2987 380 3037 deinde
405 2988 659 3054 appellant
683 2989 744 3038 ad
760 2990 1001 3055 judicium
1027 2992 1239 3039 virorum
1265 2989 1408 3038 unius
1435 2997 1483 3038 et
1508 2990 1900 3056 quingentorum.

227 3186 511 3255 Συνήγοροι
554 3185 791 3253 ἄρχοντές
828 3194 919 3239 εἰσι
959 3193 1232 3252 κληρωτοὶ,
1274 3192 1328 3238 οἳ
1367 3198 1464 3247 τοῖς
1497 3195 1748 3260 λογισταῖς
1773 3196 1898 3257 βοη-

93 3269 242 3321 θοῦσι
271 3269 390 3335 πρὸς
415 3268 500 3328 τοὶς
528 3269 749 3330 εὐθύνας
774 3273 875 3322 τῶν
901 3270 1162 3340 ἀρξάντων
1186 3271 1297 3321 τινὰ
1324 3271 1498 3338 ἀρχὴν.

904 3357 1127 3421 (Bekker
1153 3358 1335 3411 Anecd.
1360 3377 1433 3427 gr.
1460 3362 1495 3411 Ι.
1522 3379 1569 3429 p.
1599 3361 1754 3423 301.).
