2114 3642
724 224 1132 257 COMMENTARIUs·
1160 226 1228 256 An
1257 224 1338 258 373.
1367 224 1447 258 374.
1906 213 2005 260 469

168 351 426 399 lotheta
465 346 653 410 (αὐτὸς
694 346 981 406 ἀθλοθέτης
1022 351 1310 412 meanis),
1352 353 1729 413 demonstravit,
1769 355 2014 418 quomodo

168 434 249 498 qui
278 441 551 493 certarent,
580 432 725 491 tibia,
755 449 874 480 voce
904 433 982 480 vel
1011 434 1189 482 fidibus
1219 452 1394 484 canere
1423 436 1675 485 deberent.

310 528 526 576 Pericles
565 528 738 590 igitur.
788 528 1011 590 quamvis
1052 529 1256 577 scenicis
1295 529 1422 578 ludis
1462 531 1762 596 praefuerit,
1806 530 2008 579 athlo=

168 611 231 658 th
250 630 273 660 e
291 618 308 658 t
323 629 351 659 a
390 617 604 659 vocatur.

308 707 365 754 In
393 705 742 754 Demosthenis
772 706 991 754 oratione
1021 707 1080 755 de
1110 706 1305 755 Corona
1332 711 1404 772 (p.
1437 709 1536 755 265
1554 709 1744 768 ἡ266)
1786 726 1903 757 vero
1944 709 2008 757 le-

165 790 351 852 gimus:
392 789 529 837 Dixit
555 788 737 837 Callias
765 789 959 854 placere
987 791 1178 838 senatui
1218 791 1497 855 populoque
1527 800 1577 839 ut
1603 793 1853 840 donentur
1883 791 2008 840 Cha-

166 872 379 919 ridemus
421 877 469 920 et
494 870 742 918 Diotimus
782 889 930 919 aurea
970 889 1177 930 corona,
1220 882 1267 919 et
1305 874 1622 922 renuncietur
1649 874 2009 923 Panathenaeis

167 954 361 1019 magnis
388 954 436 1002 in
475 954 780 1018 gymnico
821 955 1181 1003 certamine
1223 957 1304 1014 (ἑν
1342 953 1413 1017 τῷ
1454 954 1689 1019 γυμνικῷ
1732 953 1920 1021 ἀγῶνι)
1963 966 2009 1005 et

164 1037 440 1103 Dionysiis,
484 1037 731 1101 tragoedis
772 1038 929 1086 novis.
983 1038 1307 1086 Renunciatio
1348 1046 1512 1086 autem
1539 1057 1681 1088 curae
1711 1041 1773 1088 sit
1799 1040 2006 1089 thesmo-

164 1121 337 1179 thetis,
378 1120 671 1185 prytanibus
699 1129 746 1169 et
779 1121 1223 1183 agonothetis.

306 1215 431 1264 Cum
470 1214 548 1263 hic
588 1215 646 1263 de
685 1232 763 1279 gy
779 1234 826 1263 m
844 1216 905 1263 ni
922 1232 947 1263 c
964 1233 990 1262 o
1039 1233 1235 1280 quoque
1276 1234 1301 1264 c
1319 1234 1341 1264 e
1358 1226 1413 1264 rt
1431 1234 1458 1265 a
1476 1217 1599 1264 min
1617 1234 1640 1264 e
1681 1225 1882 1280 agatur,
1925 1217 2007 1265 de-

164 1300 387 1347 buissent
413 1298 558 1347 etiam
587 1298 887 1346 athlothetae
917 1299 1288 1346 commemorari
1308 1316 1317 1359 3
1358 1299 1488 1363 quod
1517 1318 1627 1347 cum
1655 1318 1755 1349 non
1785 1302 1867 1348 fiat
1887 1339 1895 1359 ,
1925 1318 2005 1349 ve-

163 1383 201 1430 ri
229 1382 385 1430 simile
426 1389 499 1430 est
534 1398 562 1429 a
575 1398 608 1445 g
625 1399 652 1430 o
668 1398 700 1428 n
717 1381 827 1429 oth
844 1398 867 1429 e
884 1389 943 1428 ta
957 1399 1005 1428 m
1040 1391 1086 1429 et
1121 1398 1149 1428 a
1165 1388 1183 1428 t
1198 1380 1229 1428 h
1246 1381 1261 1430 l
1278 1399 1305 1429 ο
1322 1391 1340 1429 t
1356 1382 1387 1430 h
1403 1400 1426 1430 e
1444 1390 1462 1430 t
1478 1400 1505 1430 a
1521 1399 1566 1429 m
1601 1400 1750 1431 unum
1779 1383 2006 1447 idemque

163 1465 437 1515 denotasse.

944 1568 1042 1621 Ad
1070 1569 1224 1622 374.

304 1703 668 1769 Antiquissimis
698 1703 995 1768 reipublicae
1025 1704 1332 1768 temporibus
1366 1705 1526 1768 potuit
1554 1704 1752 1768 quidem
1781 1705 1911 1763 fieri,
1953 1714 2005 1753 ut-

160 1788 394 1851 suffragio
421 1796 705 1836 crearentur
732 1787 1101 1851 sophronistae,
1142 1787 1266 1835 sicut
1293 1787 1514 1851 plerique
1546 1789 1889 1851 magistratus,
1918 1788 2002 1836 sed

161 1871 360 1919 dilatata
388 1879 499 1935 post
527 1870 830 1919 Clisthenem
858 1870 1176 1930 democratia,
1206 1888 1330 1935 quae
1359 1879 1539 1919 sortem
1567 1872 1801 1936 praetulit
1827 1873 1999 1920 suffra-

160 1955 268 2018 gio,
309 1954 411 2002 veri
452 1954 607 2001 simile
646 1961 718 2001 est
745 1953 1082 2018 sophronistas
1111 1962 1239 2002 sorte
1266 1954 1414 2002 fuisse
1442 1963 1644 2003 creatos.

303 2047 376 2097 cf.
406 2044 447 2113 ξ.
477 2047 769 2096 381—385.

304 2144 446 2192 Plato
487 2142 692 2191 Axioch.
733 2161 779 2206 p.
820 2142 948 2200 367,
988 2141 1056 2190 A:
1112 2141 1225 2196 Πᾶς
1265 2136 1291 2189 ὁ
1333 2142 1424 2188 τοῦ
1461 2144 1807 2203 μειρακίσκου
1848 2140 2001 2198 πόνος

158 2228 295 2273 ἐστὶν
323 2219 424 2286 ’ὑπὸ
454 2226 815 2286 σωφρονιστάς.
869 2225 1173 2285 (Universus
1200 2226 1554 2275 adolescentuli
1583 2227 1722 2275 labor
1749 2226 1998 2291 subjectus

158 2318 231 2359 est
257 2308 675 2373 castigatoribus.)

301 2405 418 2453 Post
444 2404 678 2453 tredecim
706 2405 858 2453 tribus
885 2405 1130 2453 institutas
1159 2423 1244 2454 sex
1273 2406 1494 2459 fuerunt,
1538 2414 1584 2453 et
1614 2406 1816 2455 totidem
1844 2406 1996 2471 hypo-

159 2488 516 2553 sopln'onistae.
557 2487 616 2535 V.
647 2487 794 2552 Corp.
822 2488 1041 2554 inscript.
1068 2507 1140 2553 gr.
1170 2508 1214 2537 n.
1246 2491 1360 2538 272.
1391 2490 1504 2536 276.

302 2580 580 2629 Secundum
606 2598 783 2647 corpus
818 2582 1034 2647 inscript.
1074 2601 1146 2646 gr.
1176 2585 1258 2631 ΧΓ.
1289 2584 1390 2630 214
1430 2583 1770 2648 sophronistae
1812 2584 1997 2632 tardius

160 2665 384 2730 (Olymp.
419 2663 528 2721 115,
563 2664 618 2724 1)
646 2664 909 2723 curabant,
952 2682 1012 2713 ne
1053 2666 1168 2730 quid
1209 2666 1256 2714 in
1292 2666 1550 2730 pervigilio
1581 2667 1716 2725 (περὶ
1744 2661 1837 2722 τὴν
1865 2684 1997 2713 παν-

162 2742 374 2806 νυχίδα)
401 2747 684 2811 petulanter
710 2755 951 2810 ageretur.

302 2841 619 2905 Magistratus
648 2840 949 2891 educationis
979 2851 1119 2890 erant
1146 2844 1293 2891 etiam
1321 2850 1564 2891 cosmetae
1596 2852 1643 2891 ct
1670 2843 1993 2909 hypocosme-

159 2931 237 2974 tae
263 2925 486 2990 subjecta
505 2925 611 2990 jam
637 2925 871 2973 Romanis
900 2925 1119 2974 Graecia.
1173 2926 1246 2974 Cf.
1277 2926 1424 2991 Col-p.
1453 2927 1669 2991 inscript.
1697 2943 1770 2991 gr.
1799 2946 1846 2993 p.
1879 2929 1994 2977 375.

159 3007 351 3056 Deinde
378 3006 723 3072 paedotribae,
753 3007 834 3071 qui
863 3025 952 3074 per
980 3009 1108 3057 vitae
1137 3016 1330 3074 tempus
1358 3027 1558 3057 munere
1586 3010 1727 3075 fungi
1755 3011 1994 3061 solebant.

161 3090 283 3138 Ibid.
311 3109 357 3154 p.
388 3091 502 3138 385.

302 3183 588 3234 Charondas
616 3185 778 3248 legem
804 3203 833 3233 a
860 3187 1063 3235 vetustis
1091 3187 1494 3252 legumlatoribus
1529 3188 1861 3254 posthabitam
1887 3206 1994 3239 san-

161 3266 299 3326 civit,
341 3277 392 3316 ut
419 3287 588 3317 omnes
621 3268 800 3316 civium
829 3270 912 3317 filii
941 3270 990 3317 in
1019 3270 1161 3318 bonis
1188 3269 1337 3319 literis
1366 3271 1756 3333 instituerentur,
1798 3274 1994 3321 civitate

162 3348 408 3415 stipendia
443 3351 688 3417 magistris
730 3362 977 3416 erogante.
1030 3352 1361 3417 Prospexerat
1401 3356 1549 3413 enim,
1591 3357 1726 3416 illos,
1770 3356 1849 3419 qui
1877 3372 1994 3421 prae
