2161 3673
196 221 261 266 44
918 231 997 262 ms
1023 227 1301 261 PUBmch.

1049 352 1164 402 160.

336 454 549 504 Probam
575 454 736 516 legem
762 459 809 498 et
833 445 1128 497 multitudini
1162 447 1469 513 profuturam
1496 447 1707 514 primum
1733 447 2019 514 simpliciter

193 547 241 588 et
267 538 465 588 omnino
504 534 728 585 omnibus
769 537 936 596 aperte
975 529 1206 596 scriptam
1245 547 1351 580 esse
1392 537 1612 596 oportet,
1652 546 1714 581 ne
1753 546 1859 579 eam
1895 530 2020 581 alius

193 621 336 670 aliter
369 621 691 685 interpretur3
729 613 904 663 deinde
944 619 996 661 ut
1035 613 1139 662 fieri
1179 614 1369 680 possint
1406 630 1464 663 ea
1489 629 1614 679 quae
1634 613 1821 680 jubeat.
1871 613 2020 665 Prae-

192 711 326 752 terea
362 717 560 752 necesse
599 705 670 748 est
696 705 748 746 ut
774 695 956 745 nemini
996 694 1299 763 delinquenti
1340 695 1601 763 quicquam
1637 696 1864 748 licentiae
1903 697 2019 749 dare

194 785 426 836 videatur.

1044 851 1159 900 161.

331 945 440 1010 Χρή
481 949 561 995 ἐπὶ
599 951 703 1002 τοῖς
741 942 955 1008 ὕστερον
991 948 1342 1012 γενησομένοις
1377 948 1548 994 θεῖναι
1574 943 1668 994 τὸν
1692 943 1886 1010 νόμον,
1926 950 2017 996 καὶ

188 1030 257 1096 μὴ
285 1036 607 1097 συνενεγκεῖν
631 1031 701 1086 εἰς
726 1026 885 1090 ταύτὸ
912 1026 973 1077 τὰ
994 1031 1249 1093 μέλλοντα
1275 1035 1379 1085 τοῖς
1406 1027 1791 1093 παρεληλυθόσι.

1096 1113 1379 1174 (Demosth.
1407 1130 1448 1164 c.
1474 1112 1689 1164 Timocr.
1716 1114 1875 1176 724.)

1050 1219 1165 1270 161.

324 1316 535 1384 Oportet
558 1317 683 1367 ferre
710 1317 872 1382 legem
899 1316 958 1367 de
985 1316 1130 1366 rebus
1157 1316 1208 1365 in
1234 1319 1486 1382 posterum
1527 1316 1727 1378 futuris,
1768 1324 1817 1367 et
1841 1332 1941 1365 non
1966 1316 2017 1366 in

186 1418 336 1451 unum
361 1400 497 1450 velut
521 1415 756 1450 acervum
782 1399 1025 1466 conjicere
1053 1399 1240 1450 futuras
1270 1416 1382 1450 cum
1405 1400 1697 1467 praeteritis,

1044 1506 1156 1556 162.

332 1596 462 1657 Τοὺς
489 1597 677 1664 νόμους
705 1602 979 1649 θέσθωσαν
1003 1595 1393 1668 ἀναγράψαντες
1419 1603 1476 1649 ἐν
1500 1599 1573 1666 τῷ
1597 1599 1850 1666 Μητρῴῳ.

1134 1685 1519 1752 (Harpocratiot
1555 1683 1872 1751 Μητρῷον.)

1043 1792 1154 1842 162.

328 1888 487 1951 Leges
512 1886 665 1936 literis
692 1887 1013 1953 consignatae
1040 1888 1090 1936 in
1116 1887 1336 1949 Metr00,
1376 1888 1426 1939 id
1464 1895 1539 1939 est
1563 1888 1679 1938 fano
1704 1887 1874 1939 matris
1900 1886 2013 1937 deo-

185 1988 316 2031 rum,
342 1977 655 2037 reponantur.

965 2122 1237 2189 Tfimass'·

684 2222 882 2283 Περὶ
957 2219 1515 2285 ψηφισμάτων.

992 2326 1084 2334 vkuv

973 2387 1221 2438 Sectio2.

820 2485 916 2533 De
991 2483 1373 2534 decreti&

1044 2602 1155 2651 163.

328 2681 415 2741 ΝΙὴ
445 2681 683 2748 πρότερον
709 2687 776 2740 εἰς
803 2681 894 2732 τὸν
931 2682 1092 2747 δῆμον
1128 2676 1363 2748 ψῆφισμα
1402 2690 1662 2750 ἐκφέρειν,
1706 2690 1822 2750 πρὶν
1859 2691 1913 2735 ἐν
1952 2687 2010 2750 τῇ

188 2763 347 2827 βουλῇ
377 2764 727 2830 δοκιμασθείη.

411 2851 629 2907 (Libanii
655 2869 842 2917 argum.
870 2853 919 2902 in
945 2853 1199 2902 Demosth.
1229 2872 1295 2902 or.
1323 2871 1360 2902 e.
1391 2853 1680 2905 Androtion.
1709 2856 1866 2915 587.)

1038 2960 1152 3010 163.

331 3039 402 3087 Ne
429 3039 562 3104 prius
587 3042 647 3090 ad
675 3043 913 3108 populum
953 3043 1137 3093 feratur
1174 3043 1451 3106 decretum,
1490 3063 1634 3111 quam
1673 3045 1861 3094 senatui
1897 3062 2007 3111 pro-

187 3122 357 3169 batum
384 3121 456 3169 sit.

1040 3197 1152 3247 164.

323 3269 464 3320 Ἐθει
493 3272 541 3320 δὲ
569 3277 657 3321 καὶ
686 3272 1099 3341 ἀπροβούλευτον
1124 3277 1359 3345 ψήφισμα
1387 3279 1680 3347 εἰσάγεσθαι
1698 3284 1753 3328 ἐν
1766 3279 1837 3345 τῷ
1853 3278 2002 3348 δήμῳ.

358 3356 630 3425 (Anonymi
657 3377 841 3425 argum.
868 3364 917 3413 in
944 3365 1194 3418 Demosth.
1223 3383 1289 3417 or.
1317 3382 1355 3415 c.
1386 3363 1677 3419 Androtion.
1706 3366 1862 3429 592.)-
