2114 3642
188 234 288 281 524
690 251 1098 285 COMMENTARIUS
1131 250 1195 279 <xo
1224 249 1305 281 840.
1335 249 1416 282 841.
1446 251 1528 283 s45.

328 380 580 428 Demosth.
621 382 669 426 in
711 380 890 440 Everg.
933 384 980 424 et
1020 376 1225 424 Mnesib.
1255 395 1300 441 p.
1336 376 1495 424 1161:
1535 373 1726 424 κὲλεύιι
1770 372 1796 425 ὁ
1841 375 2022 440 νόμος,

183 457 301 516 τούς
328 459 674 523 προσήκοντας
701 462 943 517 ἐπεξιέναι
966 461 1114 521 μέχρι
1145 454 1453 522 ἀνεψιαδῶν.

324 558 499 606 Pollux
544 558 681 614 VIII,
721 556 846 605 118:
887 552 1057 615 rsoz‘ov
1098 554 1141 601 δ’
1182 556 1373 612 ἐξιστιν
1412 558 1653 612 ἐπεξιέναι
1690 560 1864 618 μέχρις
1903 553 2023 604 ἁνε-

184 637 344 702 ψιῶν,
396 642 485 685 καὶ
525 642 579 686 ἐν
618 637 688 702 τῷ
732 635 871 702 ι’)’ρκιιυ
923 638 1332 701 προσεπὲρωτᾶν,
1386 641 1459 695 τίς
1498 638 1770 701 προσήκων
1809 643 1910 687 ἐστὶ
1951 639 2022 704 τῷ

178 722 415 770 τεθνεῶτι
433 737 442 747 ·
480 717 586 774 κᾶν
612 724 808 781 οἰκέτης
834 717 892 785 ᾖ,
933 725 1261 780 ἐπισκήπτειν
1287 720 1680 790 συγκὲχώρηται,

318 819 504 881 Legem
532 837 561 868 a
587 819 923 869 Demosthene
957 821 1156 869 citatam
1184 820 1453 883 genuinam
1482 820 1656 880 fuisse,
1698 826 1835 885 patet
1862 838 1922 869 ex
1949 821 2020 868 in-

176 901 442 966 scriptione
469 912 674 965 graeca',
704 921 850 969 quarn
879 903 1089 952 Pittakis
1116 903 1165 952 in
1198 899 1293 962 Ἔα
1307 900 1496 965 ημι-ρίδι
1527 899 1905 968 ἆρχαιολογικῇ
1929 903 2020 951 sub

175 1001 378 1034 numero
408 986 582 1047 888-0,
611 993 659 1034 et
684 987 927 1050 Rangabe
954 987 1004 1034 in
1031 987 1158 1035 libro
1187 985 1229 1036 A
1246 1005 1276 1035 n
1294 994 1312 1033 t
1329 987 1341 1033 i
1357 1005 1387 1051 q
1406 987 1538 1036 uite
1557 1006 1578 1035 s
1606 986 1637 1034 h
1654 1004 1678 1035 e
1694 987 1709 1034 l
1725 987 1739 1034 l
1756 989 1781 1036 e
1799 986 1858 1034 ni
1875 1004 1905 1050 q
1923 1003 2019 1035 ues

172 1069 263 1116 sub
292 1085 493 1118 numere
522 1071 623 1117 259
651 1070 747 1118 luci
786 1070 1015 1136 publicae
1056 1069 1324 1131 dederunt,
1366 1070 1433 1118 ibi
1474 1070 1605 1118 enim
1643 1070 1765 1118 haec
1803 1068 1882 1118 lex
1917 1069 2017 1118 fere

171 1150 228 1199 de
255 1152 406 1202 verbo
435 1153 496 1202 ad
525 1154 732 1203 verbum
759 1155 1050 1204 continetur.
1103 1153 1200 1203 Sed
1226 1173 1317 1219 pro
1352 1150 1750 1201 αἰδεσάσθωσων
1777 1153 2018 1220 reperitur

168 1234 218 1282 in
245 1235 409 1301 lapide
461 1239 685 1284 ἐσέσθων
712 1237 1028 1299 (immittant,
1061 1237 1273 1286 reditum
1305 1238 1622 1298 concedant).
1696 1300 1700 1303 ἱ

312 1319 386 1368 Cf.
415 1320 627 1370 Ko‘hle
645 1339 692 1369 r:
735 1321 956 1372 Attische
984 1321 1289 1371 Inschriften
1330 1322 1598 1384 (Hermes,
1628 1321 1912 1370 Zeitschrift
1939 1321 2016 1371 f'ur

168 1402 430 1453 classische
459 1404 736 1470 Philologie
765 1407 828 1455 II.
857 1424 903 1471 p.
934 1405 1012 1453 31.

950 1534 1050 1587 Ad
1079 1536 1232 1588 840.

309 1641 486 1691 Sextus
515 1645 697 1710 Empir.
727 1644 838 1693 adv.
867 1645 1150 1694 mathemat.
1186 1647 1259 1695 II:
1304 1641 1421 1691 Οὐκ
1449 1647 1754 1705 ἐπιτρέπεται
1786 1641 2008 1709 συνήγο-

166 1741 257 1784 ρον
287 1726 627 1785 παρίστασθαι
669 1733 773 1781 τοῖς
816 1730 1137 1790 κρινομένοις
1176 1729 1255 1775 ἐπὶ
1296 1725 1378 1785 τῆς
1407 1731 1460 1775 ἐν
1494 1724 1680 1791 Ἀρείῳ
1708 1724 1854 1793 πάγῳ
1881 1727 2012 1789 βου-

165 1805 276 1863 λῆς·
328 1804 438 1855 ἀλλ’
477 1812 717 1866 ἕκαστος,
771 1804 838 1865 ὦς
877 1811 979 1872 ἔχει
1022 1809 1310 1874 διψάμεως,
1359 1808 1709 1874 ἀδιαστρόᾳως
1749 1812 1839 1857 καὶ
1879 1806 2012 1856 ἀπα-

165 1888 390 1957 νούργως
434 1885 555 1955 ὑπὲρ
596 1893 781 1942 ἑαυτοῦ
822 1892 1006 1962 λόγους
1047 1902 1276 1943 ποιεῖται.
1344 1897 1485 1958 (Non
1536 1896 1822 1944 conceditur
1871 1903 1924 1943 ut
1962 1896 2012 1943 in

164 1972 427 2040 Areopago
466 1995 641 2026 causae
682 1979 967 2028 defensores
1007 1987 1138 2029 stent
1177 1998 1285 2028 cum
1314 1980 1633 2037 adversariis,
1675 1978 1760 2027 sed
1789 1978 2011 2042 singulus

163 2075 252 2122 pro
281 2059 465 2109 viribus
493 2079 592 2111 non
621 2080 851 2128 perverse
881 2071 930 2112 et
955 2065 1129 2129 procul
1147 2064 1446 2113 afraudibus
1474 2080 1563 2128 pro
1590 2081 1641 2111 se
1671 2062 1826 2112 verba
1848 2062 2009 2121 facit.)

944 2205 1043 2258 Ad
1086 2207 1225 2258 841.

302 2311 444 2359 Plato
472 2313 591 2376 Leg.
622 2316 707 2374 XI,
738 2317 854 2374 937,
886 2315 1066 2366 A—-B:
1108 2313 1276 2376 Δούλῃ
1317 2334 1365 2361 τι
1394 2316 1481 2360 καὶ
1513 2311 1682 2376 δούλῳ
1711 2315 1799 2359 καί
1832 2309 1970 2358 παιδὶ
1991 2348 2000 2366 ,

162 2390 330 2451 φόνου
350 2392 520 2455 μόνον
546 2400 721 2453 ἐξέστω
742 2404 1020 2460 μαρτυρεῖν
1045 2400 1135 2444 καί
1165 2404 1474 2463 συνηγορῶν.
1506 2398 1719 2460 (Servae
1738 2405 1785 2444 et-
1801 2414 1943 2444 servo
1959 2404 2004 2443 et

161 2495 314 2542 puero
342 2478 401 2527 de
429 2481 579 2529 caede
608 2489 797 2531 tantum
825 2483 1008 2531 licit-um
1039 2493 1141 2532 esto
1170 2483 1415 2531 testificari
1444 2490 1492 2531 et
1519 2499 1717 2530 causam
1745 2480 1950 2537 dicere.)

942 2623 1041 2676 Ad
1070 2624 1222 2676 845.

307 2732 360 2779 Iu
390 2732 645 2794 Hungaria
672 2734 733 2781 ab
761 2735 974 2798 antiquis
1014 2735 1319 2800 temporibus
1360 2751 1642 2799 supremum
1683 2733 1820 2797 regni
1848 2732 2000 2779 tribu-

160 2812 266 2871 nal,
296 2814 425 2876 quod
455 2816 698 2865 Tabulam
727 2817 1138 2882 Septemviraleln
1168 2826 1364 2876 vocant,
1398 2836 1497 2867 non
1527 2817 1670 2866 modo
1700 2835 1724 2866 e
1753 2817 1888 2879 lege,
1917 2814 2000 2864 sed

161 2896 304 2943 etiam
333 2915 388 2945 ex
417 2900 662 2962 aequitate
683 2901 887 2965 judicat.

302 2978 447 3044 Apud
479 2983 900 3031 Lacedaemonios
941 3002 1050 3031 cum
1091 2984 1150 3033 de
1193 2986 1293 3032 vita
1335 2986 1686 3049 {inquirebatur
1713 2983 1999 3048 injudicio,

162 3077 307 3108 causa
333 3079 359 3108 a
387 3065 659 3114 senioribus
688 3085 776 3132 per
810 3067 1086 3132 complures
1127 3068 1230 3116 dies
1270 3069 1662 3133 disceptabatur,
1704 3077 1751 3116 et
1793 3068 1872 3132 qui
1914 3069 1997 3116 ab·

159 3142 469 3202 solvebatur,
510 3149 826 3197 nihilominus
865 3168 975 3197 reus
1016 3151 1260 3199 manebat.
1314 3151 1527 3200 Causam
1568 3151 1710 3216 hujus
1750 3152 1820 3199 sic
1847 3149 2003 3217 exposs

160 3225 255 3272 suit
293 3224 676 3279 Alexandr-ides:
731 3232 902 3281 Plures
943 3234 1046 3282 dies
1080 3234 1267 3298 judicio
1308 3235 1551 3300 impendi,
1591 3235 1721 3298 quod
1762 3236 1809 3283 in
1850 3252 1996 3283 causa

161 3307 356 3374 capitali
396 3326 530 3358 error
570 3316 927 3363 correctionem
967 3334 1064 3364 non
1105 3316 1356 3365 admittat:
1397 3318 1592 3366 interim
1632 3336 1769 3367 reum
1801 3318 1993 3382 legibus

160 3393 340 3450 teneri,
382 3393 493 3458 quia
531 3394 620 3443 hac
659 3398 766 3460 lege
810 3399 1103 3464 permissum
1131 3401 1192 3448 sit
1219 3401 1396 3448 rectius
1435 3400 1618 3464 aliquid
1647 3401 1706 3450 de
1735 3420 1791 3450 eo
1820 3401 1986 3451 decer-
