2161 3673
233 280 301 328 90
953 290 1031 323 πε
1056 287 1335 319 ΡυΒΜουΜ.

1084 414 1201 462 370.

378 518 438 565 Οἱ
466 513 748 564 ἀθλοθέται
771 508 1115 577 μαστιγοῦσιν
1142 502 1205 566 ἤν
1230 528 1301 564 τις
1329 502 1604 571 ὑποκριτὴς
1637 503 1878 565 Ἀθηνᾶν
1904 499 2067 565 ἤΠο-

232 599 443 650 σειδῶνα
483 596 512 658 ἢ
548 596 640 646 τὸν
674 599 768 645 Δία
808 588 1170 648 ὑποδεδυκώς,
1216 588 1286 654 μὴ
1329 590 1497 646 καλῶς
1534 583 1906 654 ὑποκρίνοιτο,
1943 585 2067 652 μηδὲ

229 689 342 733 κατ’
370 681 521 743 ἀξίαν
548 680 648 729 τῶν
677 677 780 728 θεῶ
788 699 830 728 ν.
939 677 1166 738 (Lucian.
1194 676 1417 727 Piscator
1444 676 1524 726 vel
1550 675 1773 726 revivisc.
1803 674 1925 735 33.).

1091 796 1207 846 370.

370 898 625 947 Sacrorum
663 895 986 944 certaminum
1023 892 1277 959 praesides
1319 892 1486 957 flagris
1513 891 1751 951 caedunt,
1792 891 1831 939 si
1860 889 1967 954 quis
1994 889 2065 938 hi-

231 981 348 1030 strio
375 980 626 1028 Minervae
654 985 738 1027 aut
764 977 985 1043 Neptuni
1011 984 1094 1025 aut
1119 975 1154 1024 J
1159 975 1265 1024 ovis
1292 991 1557 1040 personam
1585 975 1666 1039 qui
1694 973 1936 1038 suscepit,
1964 990 2066 1022 non

230 1064 354 1113 bene
382 1078 540 1128 neque
569 1078 626 1111 ex
653 1061 893 1124 dignitate
921 1061 1125 1110 deorum
1151 1060 1382 1127 perferat.

1091 1177 1207 1226 371.

370 1273 430 1321 Οἱ
467 1272 569 1321 τῶν
613 1270 885 1340 γυμνικῶν
923 1268 1139 1339 ἀγώνων
1179 1267 1468 1318 ἀθλοθέται
1507 1266 1590 1326 τῆς
1631 1271 1749 1323 θέας
1777 1263 2069 1334 ἀνείργουσι

227 1365 492 1426 γυναῖκας,
521 1358 607 1405 ἵνα
629 1353 700 1420 μὴ
729 1358 1103 1423 γυμνουιιὲνοις
1131 1352 1344 1419 ἀνδράσι
1374 1350 1864 1420 παρατυγχάνουσαι
1891 1348 1949 1398 τὸ
1980 1348 2069 1398 δό-

226 1459 386 1504 κιμον
412 1439 589 1498 αἰδοῦς
616 1439 840 1504 νόμισμα
868 1438 1279 1507 παρακόπτωσιν,
1298 1437 1581 1506 ἀλογοῦσαι
1614 1437 1816 1498 φύσεως
1846 1436 2068 1500 θεσμῶν,

228 1520 317 1582 οὓς
343 1522 523 1589 ὥρισεν
550 1527 771 1588 ἑκατέρῳ
797 1522 1012 1588 τμήματι
1040 1523 1137 1571 τοῦ
1163 1527 1341 1590 γένους
1370 1517 1524 1586 ἡμῶν.

915 1609 1110 1670 (Philo,
1140 1609 1199 1658 de
1228 1608 1478 1675 specialib.
1507 1608 1654 1673 legib.
1683 1608 1770 1667 ΙΙΙ,
1801 1605 1924 1665 31.).

1093 1728 1209 1776 371.

371 1824 723 1890 Gymnicorum
762 1824 1086 1872 certaminum
1119 1822 1370 1888 praesides
1398 1832 1568 1870 arcent
1594 1840 1622 1870 a
1648 1821 1933 1886 spectaculo
1960 1836 2066 1868 mu-

228 1909 397 1969 lieres,
439 1927 499 1957 ne
538 1909 682 1957 nudis
722 1907 973 1956 adstantes
1007 1907 1123 1954 viris
1149 1906 1386 1972 probatos
1414 1905 1741 1954 verecundiae
1769 1922 1932 1952 mores
1960 1920 2064 1951 cor-

228 2001 482 2056 rumpant,
524 2009 625 2040 non
664 1990 833 2040 habita
860 1990 1048 2038 ratione
1075 1999 1281 2039 naturae
1309 1989 1504 2052 legum,
1546 2006 1668 2053 quas
1695 1988 1887 2052 utrique
1914 2004 2066 2050 gene-

228 2075 292 2123 ris
319 2075 470 2123 nostri
497 2076 632 2124 sexui
660 2074 989 2140 praescripsit.

1088 2181 1203 2229 372.

362 2272 429 2323 ‘0
468 2273 789 2343 ἀγωνοθέτης
826 2271 919 2332 τὴν
958 2276 1112 2332 νίκην
1152 2272 1435 2331 τηνικαῦτα
1479 2274 1709 2336 κρίνεται
1738 2309 1749 2328 ‚
1803 2265 1999 2319 ὁπόταν
2038 2263 2065 2317 ὁ

231 2357 451 2418 ἀθλητής
477 2361 883 2426 καταγωνίσηται
913 2354 1005 2405 τὸν
1031 2354 1317 2405 ἀντίπαλον
1343 2360 1432 2404 καὶ
1460 2354 1704 2419 κρατήσῃ,
1734 2349 1760 2403 ὁ
1793 2353 1836 2402 δ’
1865 2351 2066 2420 ἀπαγο-

232 2441 408 2505 ρεύσῃ,
451 2438 612 2498 ἄλλως
641 2441 689 2490 δὲ
719 2436 798 2491 οὔ.
1217 2442 1449 2501 (Lucian.
1478 2441 1769 2491 Hermotim.
1799 2439 1924 2499 33.).

1090 2537 1206 2586 372.

372 2637 576 2685 praeses
603 2635 880 2685 certaminis
908 2634 1165 2682 victoriam
1192 2642 1295 2681 tum
1325 2633 1571 2694 decernit,
1602 2651 1751 2697 quum
1778 2632 1962 2680 athleta
1989 2630 2070 2679 ad-

233 2720 496 2772 versarium
524 2721 790 2769 certamine
818 2718 1074 2777 devicerit,
1104 2718 1240 2783 isque
1270 2719 1456 2767 victum
1483 2736 1534 2767 se
1562 2718 1718 2766 fassus
1746 2717 1919 2775 fuerit,
1949 2715 2068 2765 alias

235 2819 351 2848 vero
379 2820 490 2850 non.

1091 2872 1205 2920 373.

370 2963 709 3022 Ἀθ-Λοθέταις
737 2963 1069 3030 παραδίδοται
1092 2962 1327 3026 χρήματα
1351 2969 1396 3020 ἐς
1419 2963 1763 3023 Παναθήναια
1778 2962 2066 3031 τάμεγοὶλα.

901 3050 1072 3115 (Corp.
1100 3050 1318 3114 inscript.
1346 3067 1417 3113 gr.
1448 3069 1492 3099 n.
1526 3050 1638 3099 147.
1668 3052 1728 3100 ΙΙ.
1757 3051 1926 3116 ριὙῒ-.).

1090 3168 1205 3217 373.

377 3263 709 3312 Certaminum
726 3268 1030 3330 praesidibus
1048 3267 1189 3317 datur
1202 3267 1412 3334 pecunia
1435 3266 1494 3315 ad
1508 3283 1690 3331 magna
1706 3263 2067 3312 Panathenaea.
