2161 3673
303 214 366 259 74
1020 221 1099 252 JUS
1125 216 1400 251 PUBLICUM.

1151 343 1266 392 292.

434 431 785 501 Ἐπιγραφεῐς,
827 424 966 479 οὗτοι
1008 423 1067 474 τοὶ
1110 423 1415 490 ὀφειλόμενα
1442 431 1505 488 ἐφ
1540 424 1758 475 ἑκάστου
1784 423 1981 491 ἑκάστῳ
2006 429 2114 475 ἐπι-

301 518 578 587 γράφουσι,
618 517 707 563 καὶ
747 510 864 568 τούς
902 508 1004 559 οὐκ
1031 511 1351 572 εἰσφέροντας
1377 508 1665 578 εἰςάγουσιν
1689 510 1759 564 εἰς
1784 506 1843 558 τὸ
1871 507 2116 570 δικαστή-

301 615 436 664 ριον·
473 596 805 665 ἐπιγράφουσι
834 592 881 641 δὲ
917 595 1007 640 καὶ
1032 589 1095 639 τοὶ
1123 589 1370 655 τιμήματα
1401 591 1630 647 ἑκάστοις
1656 588 1791 640 κατὰ
1817 589 1910 652 τὴν
1935 589 2087 652 ἀξίαν
2105 607 2114 620 ’

299 686 388 731 καὶ
415 686 469 730 ἐν
493 687 597 736 ταῖς
623 676 923 732 σιτοδοσίαις
949 676 1215 742 γίγνονται
1242 679 1385 725 σίτου
1412 680 1714 742 ἑπιγραφεῐς.

1421 758 1621 822 (Pollux
1647 759 1785 823 VIII,
1817 759 1972 821 103.).

1150 832 1265 881 292.

436 917 623 968 Notarii
660 915 926 965 aestimatis
964 916 1198 981 cujusque
1235 915 1404 977 bonis,
1457 922 1693 981 quantum
1729 915 1902 981 cuique
1940 915 2111 965 tributi

297 1001 492 1051 nomine
529 999 842 1066 pendendum
880 998 963 1060 sit,
1002 998 1275 1048 inscribunt
1314 1005 1363 1047 et
1399 1015 1498 1047 non
1534 997 1778 1047 solventes
1805 999 1855 1047 in
1878 997 2113 1064 judicium

297 1090 486 1134 vocant.
538 1081 752 1147 Singulis
790 1098 981 1147 quoque
1012 1082 1247 1143 mulctas,
1285 1088 1431 1148 prout
1456 1081 1661 1145 dignum
1688 1088 1787 1140 est,
1826 1081 2112 1131 inscribunt.

296 1167 358 1216 Et
381 1167 431 1215 in
457 1165 686 1217 frumenti
712 1163 1135 1214 distributionibus
1162 1165 1392 1214 frumenti
1418 1163 1594 1213 notarii
1620 1164 1994 1214 constituuntur.

1149 1271 1263 1319 293.

433 1355 734 1420 Συλλογεῖς,
775 1346 1016 1416 ἄρχοντες
1054 1345 1155 1401 ὑπὸ
1196 1352 1291 1401 τοῦ
1317 1349 1476 1411 δήιιου
1494 1354 1875 1416 χειροτονητοὶ,
1911 1354 2114 1410 οἵτινες

295 1433 650 1504 ἁπογάφονται
675 1431 763 1491 τὰς
790 1432 965 1491 οὐσίας
990 1436 1091 1485 τῶν
1117 1433 1479 1503 ὀλιγαρχικῶν.

1113 1521 1337 1582 (Bekker
1363 1519 1548 1571 Anecd.
1574 1538 1647 1585 gr.
1673 1522 1710 1571 Ι.
1737 1538 1784 1587 p.
1813 1519 1970 1581 304).

1146 1627 1260 1676 293.

433 1710 729 1761 Collectores
767 1721 882 1762 sunt
917 1712 1230 1777 magistratus
1269 1711 1439 1778 populi
1478 1712 1723 1777 suffragiis
1749 1711 1916 1772 electi,
1954 1712 2035 1778 qui
2060 1712 2112 1760 in

293 1795 501 1845 indicem
526 1795 745 1845 referunt
769 1795 902 1846 bona-
927 1795 1238 1862 optimatium
1264 1797 1342 1856 (ut
1367 1794 1718 1861 publicentur).

424 1977 666 2031 ιΕλέσθαι
707 1982 935 2043 ζητητὰς·
975 1987 1022 2033 εἰ
1059 1984 1110 2032 δέ
1149 2004 1220 2039 τις
1260 1981 1365 2032 οἶδέ
1402 2002 1515 2031 τινα
1556 1979 1583 2042 ἢ
1622 1981 1723 2031 τῶν
1761 1983 1907 2049 ἱερῶν
1944 1980 1972 2042 ἢ
2012 1982 2114 2033 τῶν

294 2060 449 2115 ὁσίων
468 2064 742 2131 χρημάτων
768 2064 954 2128 ἔχοντα
983 2087 1028 2115 τι
1055 2065 1138 2126 τῆς
1166 2065 1374 2124 πόλεως,
1410 2066 1628 2130 μηνύειν
1653 2063 1773 2131 πρὸς
1798 2064 2025 2124 τούτους.

1153 2154 1430 2213 (Demosth.
1457 2171 1495 2203 e.
1524 2153 1784 2203 Timocrat.
1811 2152 1968 2213 703.)

437 2344 695 2407 Eligantur
719 2344 1058 2408 inquisitores3
1092 2344 1131 2392 si
1157 2343 1263 2408 quis
1290 2358 1405 2393 vero
1431 2343 1522 2392 soit
1548 2343 1784 2409 aliquem,
1824 2344 1905 2410 qui
1931 2342 2112 2410 aliquid

297 2427 529 2491 pecuniae
555 2426 705 2475 habet
732 2426 834 2475 sive
860 2443 1025 2476 sacrae
1051 2426 1153 2475 sive
1179 2427 1415 2492 profanae
1455 2426 1692 2487 civitatis,
1730 2443 1841 2476 cum
1863 2426 1994 2493 apud
2020 2426 2111 2477 hos

299 2509 497 2559 deferat.

1148 2581 1264 2628 295.

438 2667 496 2710 M
512 2681 542 2709 α
557 2679 585 2709 σ
598 2683 623 2710 τ
642 2661 666 2721 ἡ
684 2682 710 2727 ρ
726 2683 747 2711 ε
763 2684 783 2719 ς
801 2700 812 2721 ,
855 2666 1049 2723 ζητηταὶ
1077 2661 1180 2710 τῶν
1206 2661 1510 2729 φυγαδικῶν
1532 2661 1813 2726 χρημάτων.

1114 2747 1337 2807 (Bekker
1363 2747 1547 2798 Anecd.
1575 2767 1648 2814 gr.
1674 2749 1711 2798 Ι.
1739 2767 1785 2814 p.
1814 2749 1972 2809 279).

442 2912 787 2976 Exploratores
814 2923 928 2964 sunt
953 2915 1261 2979 inquisitores
1288 2914 1557 2964 exularium
1582 2915 1836 2965 bonorum.

1152 3021 1267 3068 296.

449 3102 772 3162 Πορισταί
811 3106 937 3152 εἰσιν
963 3101 1119 3167 ἀρχὴ,
1160 3099 1259 3161 ἥτις
1287 3104 1470 3165 πόρους
1499 3108 1640 3162 ζητεῖ.

1105 3188 1334 3250 (Bekker
1360 3188 1544 3239 Anecd.
1571 3206 1642 3252 gr.
1671 3189 1706 3237 Ι.
1734 3207 1780 3253 p.
1810 3189 1966 3249 294).
2034 3215 2038 3219 -

1153 3283 1268 3332 296.

444 3350 725 3401 Provisores
751 3363 863 3403 sunt
889 3357 1222 3421 magistratus,
1263 3355 1343 3421 qui
1370 3356 1550 3405 reditus
1576 3355 1774 3421 quaerit.
