2161 3673
926 239 1122 274 cowcm‘.
1868 221 1937 272 29

970 368 989 414 1
1007 367 1084 416 14.

250 446 513 507 Μηδέποτε
552 444 712 513 ψευδῆ
751 445 1019 513 γράμματα
1058 453 1126 505 εἰς
1159 450 1218 498 τὸ
1239 447 1477 513 μητρῷον
1512 445 1760 514 εἰσάγειν,
1803 447 1934 494 ἔνθα

108 534 242 580 ἐστίν
269 528 361 579 ὅλα
387 529 448 579 τὰ
478 528 686 594 δημόσια
712 527 996 595 γράμματα,

359 615 633 682 (Anonymi
659 631 845 677 argum.
874 614 921 661 in
947 616 1199 664 Demosth.
1229 633 1295 664 or.
1323 615 1381 664 de
1408 631 1599 664 corona.
1629 614 1788 672 224).

968 721 1081 770 114.

245 807 320 855 Ne
359 822 575 869 unquam
613 805 765 854 falsae
805 805 974 854 literae
1013 806 1063 852 in
1090 804 1335 854 Metroum
1373 805 1672 866 referantur,
1713 803 1798 851 ubi
1824 811 1937 851 sunt

106 904 274 937 omnes
300 888 528 953 publicae
553 889 737 939 literae.
966 960 1024 1007 11

1035 963 1078 1008 5.

251 1044 369 1095 Ταῖς
396 1043 579 1101 φυλαῖς
607 1040 699 1090 δύο
717 1042 1107 1108 προστίθεσθαι,
1132 1037 1447 1104 Δημητριάδα
1474 1043 1563 1087 καὶ
1584 1037 1934 1107 Ἀντιγονίδα·

105 1128 193 1172 καί
219 1121 313 1182 τὴν
349 1121 545 1188 βουλὴν
582 1123 683 1173 τῶν
721 1126 1071 1173 πεντακοσίων
1110 1126 1394 1181 ἑξακοσίων
1432 1128 1718 1181 ποιεῖσθαι,
1760 1119 1846 1171 ἅτε
1875 1120 1931 1181 δὴ

105 1205 266 1268 φυλῆς
293 1204 499 1265 ἑκάστης
526 1206 840 1268 πεντήκοντα
865 1205 1142 1273 βουλευτάς
1170 1210 1525 1271 παρεχομένης.

1045 1291 1315 1352 (Plutarch.
1344 1291 1637 1340 Demetrius.
1671 1290 1789 1350 10.).

966 1397 1081 1447 115.

243 1481 382 1530 Duae
420 1481 642 1531 tribubus
681 1480 925 1530 addantur
963 1482 1239 1548 p1·ioribUS‚
1276 1480 1551 1531 Demetrias
1579 1487 1626 1529 et
1652 1475 1930 1545 Anfflgonis,

104 1571 152 1612 et
177 1572 372 1613 senatus
399 1565 796 1630 Quingentorum
832 1571 1048 1613 mutetur
1085 1566 1135 1613 in
1163 1564 1514 1614 Sexcentorum
1550 1564 1766 1613 virorum
1794 1580 1931 1612 sena-

103 1654 230 1711 tum;
268 1649 489 1712 singulae
516 1649 703 1697 scilieet
728 1649 882 1697 tribus
911 1649 1271 1713 quinquaginta
1297 1655 1547 1697 senatores
1575 1647 1704 1696 dent.

734 1978 1160 2078 Κεφάλαιον
1194 1977 1297 2050 Γ’.

512 2113 774 2207 Περὶ
874 2106 1520 2202 ἐκκλησίας.

836 2335 1048 2430 Caput
1080 2336 1195 2412 HI.

708 2466 820 2544 De
887 2492 1037 2544 oon
1059 2469 1316 2544 aione.

961 2627 1074 2677 116.

248 2718 307 2768 Οἱ
335 2715 597 2784 πρυτάνεις
624 2717 900 2789 συνάγουσι
925 2718 1019 2770 τὸν
1047 2718 1210 2784 δῆμον
1235 2716 1466 2784 τετράκις
1501 2716 1710 2780 ἑκάστης
1736 2741 1926 2786 πρυτα-

99 2803 259 2858 νείας·
297 2821 387 2850 και
414 2801 764 2871 προγράφουσι
804 2801 898 2869 πρὸ
937 2801 1022 2863 τῆς
1059 2805 1329 2862 ἐκκλησίας
1367 2797 1492 2898 υπὲρ
1530 2823 1602 2852 ων
1631 2802 1706 2852 δεῖ
1721 2824 1924 2869 χρημα-

98 2888 269 2945 τίζειν.
327 2883 444 2935 Τῶν
470 2883 514 2933 δ’
553 2885 838 2946 εκκλησιῶν
877 2908 903 2947 η
940 2888 1038 2949 μὲν
1074 2887 1255 2950 κυρία,
1295 2905 1350 2934 εν
1374 2878 1405 2948 ᾗ
1431 2882 1519 2941 τάς
1546 2883 1710 2950 ἆρχας
1735 2907 1926 2950 επιχει-

98 2967 431 3033 ροτονοῦσιν,
475 2968 612 3035 εἴπερ
650 2968 817 3027 κάλως
857 2965 1135 3035 ἄρχουσιν,
1174 2964 1205 3027 ἤ
1243 2965 1757 3033 ἇποχειροτονοῦσιν·
1805 2975 1860 3020 ἕν
1895 2965 1927 3035 ᾗ

98 3055 188 3100 καὶ
223 3051 312 3108 τὰς
350 3052 664 3120 εισαγγελίας
702 3074 729 3102 ο
777 3052 1093 3118 βουλόμενος
1145 3052 1480 3119 εισαγγελλει,
1540 3073 1629 3102 και
1667 3052 1756 3110 τάς
1795 3052 1926 3102 ἀπο-

98 3133 297 3202 γραφάς
331 3134 434 3185 τῶν
472 3134 822 3200 δημευομένων
866 3134 1313 3204 ἀναγινώσκουσιν
1352 3136 1398 3182 οἱ
1438 3134 1559 3200 πρὸς
1597 3145 1703 3193 ταῖς
1731 3136 1924 3195 δίκαις,

99 3221 187 3266 καὶ
213 3216 302 3274 τάς
328 3218 485 3278 λήξεις
509 3219 612 3268 τῶν
638 3218 852 3285 κλήρων.
897 3216 976 3269 ‘H
997 3218 1045 3268 δὲ
1076 3217 1276 3282 δευτέρα
1314 3222 1558 3279 ἐκκλησία
1603 3219 1795 3270 ἀνεῖται
1821 3228 1925 3276 τοῖς

99 3302 429 3366 βουλομένοις
469 3304 729 3367 ἱκετηρίαν
768 3307 1001 3368 θεμένοις
1043 3306 1204 3369 λέγειν
1229 3299 1400 3358 ’ἀδεῶς
1438 3306 1549 3367 περί
1575 3324 1627 3351 τε
1651 3303 1753 3352 τῶν
1780 3303 1925 3352 ἰδίων

100 3386 188 3431 καὶ
214 3383 316 3434 τῶν
341 3384 609 3450 δημοσίων.
652 3380 733 3433 ‘H
751 3384 802 3435 δὲ
829 3387 966 3451 τρίτη
992 3383 1168 3449 κήρυξι
1210 3388 1299 3433 καί
1335 3388 1615 3451 πρεσβείαις
1640 3384 1779 3445 ἀξιοῖ
1795 3405 1923 3450 χρη-
