2114 3642
215 177 314 226 252
939 190 1018 221 Jus
1044 188 1320 221 PUBmcUM.

210 337 332 370 rona
358 319 541 370 donare
568 319 711 377 velit,
753 318 911 366 missis
938 315 1141 380 legatis,
1181 315 1229 364 id
1259 334 1288 365 a
1325 316 1510 383 populo
1549 324 1711 383 petat,
1751 316 1969 384 adeoque
1997 317 2037 368 is

210 404 270 451 de
297 421 393 468 quo
420 403 738 469 praedicetur,
766 400 998 465 majorem
1024 398 1236 462 gratiam
1254 398 1636 450 Atheniensibus
1664 401 1859 463 habeat,
1888 419 2035 466 quam

210 487 266 535 iis
284 523 296 545 ᾗ
337 487 418 551 qui
453 501 683 534 coronam
710 482 977 542 dederunt,
1017 481 1149 546 quod
1176 498 1284 531 eam
1311 483 1616 547 promulgari
1643 485 1966 549 permiserint.

349 659 525 710 Αὐτὸν
549 657 641 708 τὸν
660 658 896 723 χρυσοῦν
924 662 1206 720 στέφανον,
1247 653 1300 714 ὃς
1339 655 1406 707 ἂν
1443 663 1499 708 ἐν
1536 658 1606 724 τῷ
1651 658 1849 725 θεάτρῳ
1887 660 1959 726 τῷ
1986 664 2040 709 ἐν

209 742 342 793 ἄστει
372 742 662 807 ἀναρρηθῇ,
703 739 841 807 ἱερὸν
867 740 994 791 εἶναι
1022 741 1106 800 τῆς
1141 737 1368 800 Ἀθηνᾶς
1401 741 1594 790 κελεύει
1625 737 1652 791 ὁ
1683 742 1867 807 νόμος,
1907 741 2038 806 ἄφε-

211 827 418 891 λόμενος
444 824 536 875 τὸν
565 823 999 889 στεφανούμενον.
1109 826 1364 887 (Aeschin.
1392 827 1442 875 in
1470 825 1689 893 Ctesiph.
1717 826 1759 895 ξ.
1791 831 1898 888 46.)

347 1009 513 1074 Ipsam
540 1024 734 1056 auream
761 1024 1022 1067 coronam,
1062 1023 1186 1071 quae
1226 1005 1276 1053 in
1317 1005 1508 1055 theatro
1535 1006 1725 1056 urbano
1753 1006 2037 1073 promulga-

207 1101 311 1152 tur,
340 1092 591 1140 Minervae
618 1108 809 1141 sacram
834 1091 912 1140 lex
941 1107 1046 1140 esse
1070 1088 1241 1156 jubet,
1277 1089 1557 1156 ademptam
1586 1093 1628 1139 ei
1655 1091 1736 1156 qui
1764 1098 2040 1140 coronatur.

1050 1196 1203 1246 1004.

343 1278 482 1328 Ἀλλ’
522 1276 625 1327 οὐκ
664 1283 865 1327 ἐκεῖνον
903 1275 996 1326 τὸν
1037 1281 1093 1326 ἐν
1135 1276 1195 1340 τῇ
1237 1279 1482 1342 ἐκκλησία
1523 1280 1780 1339 στέφανον
1819 1273 2040 1341 ἀναρρη-

211 1366 365 1411 θέντα
406 1360 570 1419 οὐδεὶς
609 1366 876 1426 καθιεροῖ,
927 1358 1037 1409 ἀλλ’
1078 1362 1231 1420 ἔξεστι
1271 1360 1556 1419 κεκτῆσθαι
1585 1399 1596 1418 ,
1646 1363 1731 1410 ἵνα
1766 1359 1835 1425 μὴ
1871 1360 2042 1425 μόνον

209 1443 361 1502 αὐτὸς
388 1443 514 1494 ἀλλὰ
542 1449 629 1494 καὶ
659 1448 704 1493 οἱ
733 1449 783 1504 ἐξ,
811 1446 1044 1502 ἐκείνου,
1088 1445 1290 1505 ἔχοντες
1323 1448 1379 1492 ἐν
1404 1443 1462 1507 τῇ
1491 1446 1635 1509 οἰκίᾳ
1664 1442 1721 1492 τὸ
1750 1439 2040 1505 ὗπόμνηιια,

203 1530 446 1593 μηδέποτε
472 1533 630 1578 κακοὶ
658 1527 749 1588 τὴν
776 1526 952 1594 ψυχὴν
978 1530 1045 1584 εἰς
1071 1525 1165 1575 τὸν
1193 1525 1354 1590 (ἤμων
1381 1530 1638 1594 γίνωνται.

1096 1611 1352 1674 (Aeschin.
1379 1613 1430 1661 in
1457 1613 1676 1679 Ctesiph.
1705 1610 1747 1678 ξ.
1778 1614 1899 1674 47.)

1052 1719 1202 1768 1004.

349 1794 415 1843 At
441 1812 539 1843 non
567 1811 701 1855 eam,
740 1809 864 1858 quae
903 1791 952 1840 in
992 1791 1227 1840 concione
1266 1789 1604 1857 praedicatur,
1645 1808 1876 1841 coronam
1911 1793 2039 1858 quis-

209 1896 352 1943 quam
380 1885 660 1939 consecrat3
699 1876 784 1924 sed
811 1876 963 1924 libere
997 1874 1247 1940 possidere
1274 1874 1412 1935 licet,
1453 1881 1505 1922 ut
1544 1892 1643 1923 non
1677 1875 1715 1922 is
1743 1882 1933 1924 tantum
1959 1877 2042 1940 qui

208 1963 423 2027 accepit,
464 1979 637 2009 verum
677 1960 822 2008 etiam
861 1959 1015 2026 ipsius
1055 1959 1237 2024 posteri
1277 1959 1632 2007 monimentum
1659 1958 1778 2006 illud
1807 1959 1937 2008 domi
1966 1977 2038 2007 as-

209 2052 461 2094 servantes
488 2061 739 2108 nunquam
769 2043 958 2092 animos
985 2042 1203 2091 habeant
1229 2060 1257 2091 a
1283 2041 1466 2107 populo
1494 2042 1695 2091 alienos.

356 2230 458 2280 Τὸν
488 2227 794 2282 ὑπεύθυνον
815 2230 883 2296 μὴ
912 2230 1327 2293 φτεφανοῦσθαι,
1347 2233 1464 2294 πρὶν
1491 2226 1557 2278 ἄν
1585 2228 1656 2294 δῴ
1684 2227 1769 2286 τάς
1796 2227 2036 2286 εὐθύνας.

548 2319 825 2384 (Anonymi
852 2334 1038 2380 argum.
1065 2318 1116 2365 in
1140 2317 1394 2365 Demosth.
1423 2316 1482 2364 de
1511 2315 1720 2365 Corona.
1751 2316 1896 2375 223.)

353 2486 636 2537 Obnoxium
662 2502 723 2535 ne
750 2486 894 2535 liceat
920 2501 1155 2534 coronare
1183 2491 1297 2533 ante
1324 2483 1502 2532 relata-s
1530 2484 1756 2533 rationes.

355 2672 429 2725 013
460 2672 899 2737 στεφανωθήσεται
930 2670 954 2734 ἦ
985 2671 1146 2738 βουλή
1193 2667 1217 2731 ἡ
1248 2677 1297 2731 ἐξ
1329 2669 1537 2737 Ἀρείου
1566 2668 1757 2740 πάγου·
1799 2668 1914 2721 οὐδὲ
1943 2671 2040 2740 γάρ

215 2758 424 2822 πάτριον
451 2759 624 2815 αὐτοῖς
651 2764 800 2810 ἐστιν.
1111 2758 1367 2819 (Aeschin.
1396 2761 1445 2808 in
1473 2760 1691 2824 Ctesiph.
1719 2756 1761 2824 ξ
1790 2760 1898 2817 20.)

356 2927 464 2976 Non
491 2925 804 2978 coronabitur
831 2933 1028 2975 senatus
1056 2925 1457 2990 Areopagiticus3
1483 2943 1642 2989 neque
1671 2924 1801 2973 enim
1828 2921 1919 2972 hoc
1945 2924 2039 2971 illis

215 3009 425 3074 patrium
453 3020 537 3060 est.

344 3158 446 3209 ”Au
478 3181 543 3217 τις
571 3161 779 3226 ἀμύνων
806 3181 850 3210 τι
893 3159 1034 3225 πάθῃ
1074 3162 1133 3224 τῇ
1175 3161 1486 3227 δημοκρατίᾳ
1506 3200 1517 3219 ,
1558 3159 1643 3216 τὰς
1677 3156 1835 3215 αὐτάς
1864 3156 2040 3207 δώσειν

218 3241 426 3305 δωρεὰς,
468 3242 620 3306 ἅσπερ
652 3242 914 3309 ἱΑριιιοδίιιο
943 3249 1030 3293 καί
1059 3243 1472 3311 Ἀριστογείτονι.

1088 3331 1363 3389 (Demosth.
1393 3329 1499 3378 adv.
1531 3329 1719 3392 Leptin.
1753 3328 1897 3387 506.)
