2114 3642
142 284 243 331 468
596 294 1002 329 (ῸηκηῑΝφΑΒῐυε
1034 294 1098 324 An
1126 291 1209 327 360.
1238 291 1320 325 361.
1349 292 1430 325 367.
1459 291 1539 325 373.

139 422 456 487 ταετηρίδας,
495 420 588 480 τὴν
626 423 694 474 εἰς
735 417 931 476 Δῆλον,
971 415 1064 476 τὴν
1105 422 1161 466 ἐν
1206 417 1500 480 Βραυρῶνι,
1542 415 1634 475 τὴν
1672 417 1773 466 τῶν
1811 414 1978 481 Ἴ-Ῑρα-

140 506 386 564 κλειδῶν,
426 504 519 563 τὴν
553 501 888 550 Ἰ«Ῐλι;υ(ῑίιάδε.
944 504 1032 562 (Hi
1075 521 1224 567 quum
1252 504 1418 552 decem
1452 510 1616 550 essent
1644 503 1881 551 sacrificia
1909 504 1978 551 of-

138 592 365 641 ferebant
393 588 803 655 quinquennalia,
845 604 1020 651 nempe
1049 587 1097 634 in
1125 586 1330 643 Delum,
1372 586 1420 632 in
1450 586 1782 646 Brauronem,
1825 587 1978 635 Hera-

140 675 376 723 clidarum
405 681 450 721 et
476 672 525 718 in
554 670 877 729 Eleusinem.)

280 753 678 819 Quinquennalia
704 754 944 802 sacrificia
970 753 1198 802 absoluto
1227 752 1551 818 quadriennio
1579 751 1776 801 fiebant.

278 839 350 887 Cf.
380 837 799 885 Commentariun]
828 836 888 884 ad
917 836 1034 884 257.

276 1088 437 1137 Schol.
465 1088 514 1136 in
542 1087 859 1136 Demosthen.
889 1087 1089 1136 Midian.
1120 1087 1235 1145 570,
1265 1080 1629 1147 7:‘I890710t0*v
1655 1114 1722 1120 —
1748 1081 1841 1131 τὸν
1869 1087 1977 1131 ἐπι-

136 1169 434 1217 σκοποῦντα
462 1166 521 1216 τά
555 1168 790 1230 θύματα,
814 1166 882 1231 μὴ
913 1164 1138 1230 ἀδόκιμα
1165 1171 1256 1214 καί
1286 1166 1428 1229 πηρά,
1471 1169 1783 1228 (Saerificum
1824 1197 1874 1200 --—
1907 1169 1978 1216 in-

133 1256 421 1320 spicientem
448 1255 697 1315 victimas,
739 1271 799 1302 ne
829 1254 926 1302 sint
953 1270 1051 1301 non
1080 1253 1320 1319 probatae
1349 1260 1395 1301 et
1421 1254 1667 1311 mancae.)

922 1405 1021 1458 Ad
1048 1406 1188 1458 361.

275 1516 576 1583 Hesychius:
599 1512 887 1579 Ἐπιμὴνιοι
919 1516 962 1562 οἱ
993 1516 1254 1579 ἱεροποιοί.
1285 1515 1527 1574 (Sacrifici
1557 1522 1672 1564 sunt
1699 1514 1977 1571 menstrui.)

273 1780 576 1846 Hesychius:
606 1775 873 1846 Ἐξηγητὴς
902 1772 928 1826 ὁ
961 1781 1068 1839 περὶ
1099 1779 1291 1840 ἱερείων
1320 1779 1408 1824 καὶ
1439 1776 1737 1838 διοσημείων
1765 1774 1976 1844 ἐξηγού-

128 1880 294 1926 μενος.
351 1865 599 1928 (Exegeza
627 1872 728 1924 est,
768 1864 849 1928 qui
879 1881 954 1912 res
985 1881 1148 1912 sacras
1176 1874 1223 1911 et
1252 1870 1444 1912 ostenta.
1471 1862 1867 1927 interpretatur.)

275 1959 400 2008 Cum
428 1959 578 2008 Suida
607 1960 923 2007 consentiunt
952 1959 1136 2008 Lexica
1165 1959 1470 2024 Segueriana
1499 1979 1546 2025 p.
1575 1959 1690 2007 252.

272 2055 348 2104 De
390 2057 609 2120 exegetis
650 2056 753 2120 agit
794 2057 938 2104 etiam
976 2056 1327 2104 Demosthenis
1369 2056 1524 2104 oratio
1564 2056 1613 2104 in
1640 2055 1886 2117 Evergum
1929 2062 1974 2101 et

129 2136 459 2187 Mnesibulum
488 2157 599 2205 pag.
632 2139 779 2187 1160.

274 2233 452 2281 Munus
479 2233 813 2296 Exegetarum
844 2232 1217 2283 Atheniensium
1257 2233 1479 2281 subiecta.
1519 2249 1712 2297 quoque
1740 2233 1974 2281 Romanis

131 2315 342 2364 Graecia
382 2316 653 2376 exstitisse,
695 2316 836 2364 docet
874 2315 1158 2365 Boeckhius
1197 2317 1246 2364 in
1288 2315 1430 2380 Corp.
1473 2317 1615 2364 inser.
1656 2333 1727 2379 gr.
1768 2333 1814 2363 n.
1855 2315 1971 2373 765,

129 2417 177 2463 p.
209 2399 333 2459 513,
375 2400 457 2448 ubi
494 2399 698 2463 legitur:
746 2401 840 2444 Uo,
881 2398 1059 2453 Αἴλιος
1102 2398 1321 2460 (Ιάῖδρος
1346 2394 1598 2452 Σουνιεύς
1636 2394 1744 2450 υἱὸς
1781 2394 1879 2443 τοῦ
1917 2399 1967 2453 ἐξ

132 2477 466 2544 Εὐπατριδῶν
506 2480 848 2547 ἐξηγητοῦ.
903 2483 982 2542 (Ρ.
1025 2481 1192 2532 Aelius
1227 2483 1480 2531 Phaedrus
1521 2482 1799 2540 Suniensis,
1847 2481 1972 2529 filius

129 2565 407 2629 interpretis
435 2583 459 2614 e
487 2583 668 2629 genere
698 2565 1123 2630 Eupatridarum.)

272 2660 343 2709 Cf.
375 2660 638 2708 Petersen:
681 2659 945 2724 Ursprung
970 2659 1071 2707 und
1100 2658 1394 2724 Auslegung
1435 2660 1520 2708 des
1549 2659 1763 2722 heiligen
1792 2660 1971 2708 Rechts

132 2742 332 2791 beiden
362 2743 634 2803 Griechen,
676 2744 795 2792 oder
834 2744 909 2791 (lie
938 2745 1192 2806 Exegeten
1230 2753 1318 2792 etc.
1367 2744 1655 2807 Philologus
1682 2746 1718 2792 Ι.
1759 2742 1968 2809 Supple-

134 2827 317 2873 mentl).
346 2827 469 2875 Heft
495 2828 556 2876 Π.
590 2826 736 2873 1859.

910 2906 1010 2959 Ad
1037 2908 1186 2960 373.

274 3016 456 3065 Lexica
483 3018 787 3083 Segueriana
814 3036 858 3083 p.
889 3017 1011 3077 333,
1040 3017 1230 3076 Suidas,
1261 3020 1489 3076 Zonaras,
1518 3016 1736 3075 Photius,
1769 3014 1965 3063 Ammo-

129 3099 262 3158 nius,
305 3099 579 3161 Hesychius
607 3101 801 3158 dicunt,
844 3101 1289 3164 agonothetas
1330 3101 1537 3150 scenicis
1575 3098 1721 3157 ludis,
1763 3098 1968 3166 athlos

130 3180 193 3227 th
212 3188 348 3228 etas
377 3197 491 3227 vero
517 3183 756 3246 gymnicis
784 3183 1067 3247 praefuisse.

271 3273 367 3323 Sed
408 3274 696 3324 Plutarchus
736 3278 784 3326 in
823 3277 940 3325 Vita
980 3277 1180 3326 Periclis
1222 3279 1338 3338 (13,
1375 3278 1438 3337 9)
1479 3293 1578 3325 non
1620 3276 1811 3326 videtur
1857 3292 1962 3324 esse

128 3358 348 3420 ejusdem
386 3358 684 3419 sententiae,
726 3361 791 3408 itav
832 3360 961 3408 enim
999 3360 1193 3408 scribit:
1236 3360 1447 3408 Pericles
1485 3360 1669 3407 musica¹
1696 3359 1963 3408 certamina

128 3441 474 3489 Panathenaeo
503 3440 627 3488 festo
653 3441 821 3490 haberi
841 3444 1007 3507 jussit,
1038 3450 1085 3491 et
1112 3461 1260 3508 quum
1287 3444 1391 3508 ipse
1421 3443 1592 3491 fuisset
1621 3444 1802 3491 electus
1829 3441 1958 3490 ath-
