2161 3673
210 201 276 247 40
926 204 1006 235 ns
1037 197 1319 232 PUBJ‘ACUM.

212 340 376 388 ναίων
403 334 545 400 δήμῳ
575 332 606 393 ἢ
631 331 869 382 ἐναντίον
893 324 994 374 τῶν
1019 323 1267 384 κειμένων
1291 338 1362 385 τῳ
1378 356 1391 377 ,
1429 317 1519 373 τάς
1546 312 1743 384 γραφὰς
1771 312 1902 363 εἶναι
1928 316 2042 360 κατ’

213 419 375 471 αὐτοῦ
404 416 538 467 κατὰ
563 414 658 465 τὸν
683 416 848 476 νόμον
875 403 929 464 ὃς
955 411 1135 461 κεῖται,
1151 400 1245 451 ἐάν
1266 422 1338 458 τις
1359 399 1429 466 μὴ
1458 396 1740 457 ἐπιτήδειον
1769 394 1838 460 θῇ
1865 393 2043 460 νόμον.

704 491 985 558 (Demosth.
1014 507 1053 540 c.
1081 488 1346 537 Timocrat.
1375 486 1491 534 710.
1519 485 1623 534 Lex
1650 482 1904 543 Solonis).

1072 596 1188 643 149.

354 693 682 755 Receptarum
719 690 884 731 autem
920 681 1090 744 legum
1127 678 1313 727 nullam
1345 676 1584 739 abrogare
1610 674 1749 736 licet,
1794 672 1887 722 nisi
1913 672 2046 738 apud

217 775 537 825 nomothetas.
588 770 716 817 Tum
742 782 860 814 vero
887 763 1039 812 cuivis
1067 761 1360 813 Atheniensi
1387 759 1503 806 licet
1527 758 1794 821 abrogare,
1835 756 1875 806 si
1901 756 2049 805 aliam

216 861 266 907 in
305 858 406 922 ejus
445 856 629 911 locum,
677 865 824 914 quam
861 846 1080 906 sustulit,
1123 844 1301 893 tulerit.
1358 840 1618 890 Praesides
1651 848 1842 901 autem,
1883 838 1944 888 de
1971 837 2047 886 his

216 940 406 1005 legibus
442 932 791 996 suffragiorum
829 928 1143 979 ferendorum
1178 931 1476 992 potestatem
1510 923 1715 984 faciant,
1757 940 1814 972 ac
1840 921 2050 988 primum

218 1023 277 1072 de
314 1028 507 1077 vetere,
547 1021 728 1081 aptane
768 1012 992 1063 videatur
1024 1011 1210 1076 populo
1236 1008 1530 1057 Atheniensi
1556 1025 1621 1055 an
1647 1023 1813 1068 secus,
1853 1011 1966 1070 post
1990 1003 2050 1053 de

218 1121 299 1165 ea,
339 1118 461 1168 quae
488 1106 716 1162 rogatum
755 1104 917 1144 utram
941 1112 1058 1143 vero
1086 1092 1400 1141 nomothetae
1429 1090 1823 1155 comprobarint‚
1864 1105 1923 1137 ea
1946 1093 2053 1136 rata

215 1186 431 1235 habetor.
482 1179 795 1231 Contrariam
832 1195 949 1227 vero
989 1177 1114 1226 ferre
1140 1176 1304 1239 legem
1329 1173 1413 1222 ulli
1441 1180 1749 1239 receptarum
1773 1170 1941 1236 legum
1964 1187 2050 1218 ne-

216 1268 331 1318 mini
356 1266 482 1315 licet.
534 1261 678 1323 Quod
706 1261 745 1310 si
773 1261 879 1326 quis
908 1260 1146 1323 abrogata
1170 1257 1279 1320 lege
1308 1256 1474 1321 aliqua
1511 1263 1679 1305 vetere
1706 1253 1852 1304 aliam
1877 1253 2053 1302 substi-

217 1349 364 1399 tuerit
395 1347 579 1413 populo
607 1344 898 1395 Atheniensi
942 1361 1044 1392 non
1082 1343 1252 1390 utilem
1291 1348 1375 1389 aut
1402 1358 1427 1388 e
1456 1340 1669 1404 receptis
1693 1337 1884 1403 legibus
1909 1337 2054 1386 alicui

217 1431 537 1491 contrariam,
579 1446 690 1477 eum
728 1427 912 1491 scripto
952 1426 1166 1474 accusari
1206 1424 1321 1473 licet
1352 1441 1411 1472 ex
1438 1423 1575 1486 lege,
1616 1439 1742 1487 quae
1769 1421 1821 1469 in
1847 1437 1930 1470 eos
1955 1420 2057 1469 lata

218 1522 315 1578 est,
352 1515 432 1580 qui
457 1512 622 1575 legem
646 1527 748 1560 non
772 1507 999 1559 idoneam
1024 1507 1239 1556 tulerint.

361 1711 677 1777 Γράφεσθαν
709 1713 834 1775 μὲν,
876 1705 946 1757 ἄν
983 1710 1057 1763 τίς
1092 1726 1209 1756 τινα
1246 1706 1348 1755 τῶν
1394 1702 1736 1769 ὑπαρχόντων
1777 1703 1951 1768 νόμων
1983 1702 2053 1768 μή

220 1796 384 1853 καλῶς
422 1798 559 1858 ἔχειν
598 1790 809 1862 ἦγῆται,
850 1795 1198 1856 παρεισφέρειν
1233 1789 1278 1837 δ’
1306 1788 1472 1839 αὐτὸν
1498 1785 1687 1846 ἄλλον,
1728 1783 1792 1837 ὃν
1818 1785 1886 1837 ἂν
1911 1785 2055 1850 τιθῇ,

220 1880 357 1930 λύων
382 1884 584 1929 ἐκεῖνον
598 1916 611 1938 ,
639 1875 734 1936 τὴν
760 1876 804 1924 δ’
831 1879 1112 1934 ἐκκλησίαν
1138 1877 1342 1922 ἑλέσθαι
1368 1871 1463 1922 τὸν
1488 1875 1714 1936 κρείττω,

704 1961 988 2023 (Demosth.
1016 1961 1127 2010 adv.
1156 1960 1354 2027 Leptin.
1383 1960 1499 2008 484.
1530 1959 1635 2008 Lex
1662 1957 1917 2018 Solonis).

1084 2067 1107 2114 1
1120 2067 1200 2114 50.

364 2154 415 2202 Si
441 2170 538 2219 qua
563 2158 761 2216 recepta
786 2152 864 2199 lex
890 2150 1020 2198 mala
1044 2149 1298 2209 videatur,
1339 2155 1618 2208 accusetur,
1661 2147 1839 2197 deinde
1865 2146 1950 2195 illa
1974 2146 2059 2195 ab·

223 2244 418 2302 rogata,
446 2237 580 2301 ipse,
608 2234 689 2299 qui
717 2233 994 2293 accusavit,
1035 2231 1182 2280 aliani
1208 2232 1360 2292 ferat,
1396 2248 1543 2295 quam
1570 2231 1862 2290 substituat,
1889 2228 2060 2278 concio

227 2328 391 2369 autem
417 2319 663 2385 potiorem
687 2317 951 2383 praeferat.

1085 2397 1200 2444 151.

372 2492 505 2550 Τούς
546 2496 862 2557 θεσμοθέτας
900 2495 1029 2540 καθ’
1071 2494 1291 2540 ἕκαστον
1331 2488 1569 2539 ἐνιαυτὸν
1609 2490 1865 2554 διορθοῦν
1902 2494 1958 2539 ἐν
1990 2488 2062 2554 τῷ

230 2575 369 2641 δήμῳ
408 2575 527 2633 τούς
564 2575 754 2640 νόμους
778 2614 789 2634 ,
836 2573 1061 2639 ἀκριβῶς
1097 2571 1425 2633 ἐξετάσαντας
1464 2577 1553 2622 καὶ
1596 2577 1978 2639 σκεψαμένους,
2018 2571 2069 2620 εἴ

229 2681 300 2715 τις
327 2658 697 2727 ἀναγέγραπται
725 2658 880 2723 νόμος
907 2659 1140 2712 ἐναντίος
1167 2659 1332 2721 ἑτέρῳ,
1364 2653 1393 2715 ἢ
1420 2652 1612 2722 ἄκυρος
1638 2661 1693 2706 ἐν
1719 2664 1821 2713 τοῖς
1847 2658 2062 2720 κυρίοις,

232 2741 263 2801 ἢ
295 2743 343 2791 εἴ
376 2742 474 2791 πού
510 2745 603 2790 εἰσι
640 2742 791 2807 νόμοι
831 2743 1032 2796 πλείους
1069 2737 1182 2795 ἑνὸς
1221 2737 1662 2807 ἀναγεγραμμένοι
1703 2743 1812 2804 περὶ
1852 2738 2064 2798 ἑκάστης

234 2824 461 2891 πράξεως.
513 2821 633 2874 Κᾶν
670 2846 714 2874 τι
743 2824 985 2874 τοιοῦτον
1012 2818 1347 2887 εὑρίσκωσιν,
1385 2821 1809 2891 α’ναγεγραᾳύτας
1835 2827 1891 2872 ἐν
1917 2823 2064 2871 σανί-

234 2927 315 2957 σιν
341 2912 598 2958 ἐκτιθέναι
637 2908 864 2972 πρόσθεν
901 2907 1005 2956 τῶν
1037 2905 1344 2970 ἐπωνύμων·
1383 2905 1505 2963 τούς
1533 2908 1581 2956 δε
1609 2906 1875 2971 πρυτάνεις
1902 2912 2064 2954 ποιεῖν

232 2994 511 3050 ἐκκλησίαν
538 2991 915 3058 ἐπιγράψαντας
942 2994 1274 3055 νομοθέταις,
1301 2987 1396 3038 τὸν
1422 2990 1467 3038 δ’
1494 2989 1763 3049 ἐπιστάτην
1788 2989 1889 3039 τῶν
1917 2993 2066 3053 προέ-

237 3075 367 3139 δρων
400 3075 807 3138 διαχειροτονίαν
846 3072 1045 3124 διδόναι
1082 3073 1153 3138 τῷ
1193 3071 1365 3138 δήμῳ,
1412 3078 1501 3122 καί
1540 3073 1663 3130 τούς
1696 3076 1795 3137 μὲν
1837 3070 2067 3137 ἀναιρεῖν

235 3156 339 3206 τῶν
364 3155 568 3220 νόμων,
608 3154 727 3212 τούς
765 3157 812 3206 δὲ
853 3161 1182 3216 καταλιπεῖν,
1223 3153 1356 3212 ὅπως
1396 3153 1464 3206 ἄν
1503 3154 1570 3213 εἷς
1605 3151 1635 3220 ᾗ
1676 3154 1838 3218 ’νόμος
1875 3158 1965 3204 καὶ
1991 3153 2063 3219 μὴ

239 3243 439 3296 πλείους
465 3243 574 3303 περὶ
602 3238 809 3298 ἑκάστης
836 3241 1069 3304 πράξεως.

520 3324 771 3385 (Aeschin.
798 3325 848 3374 in
876 3327 1183 3393 Ctesiphont.
1213 3323 1255 3392 §.
1285 3325 1351 3373 38
1364 3325 1506 3374 --39.
1535 3325 1639 3374 Lex
1667 3324 1922 3385 Solonis).
