<?xml version="1.0" encoding="UTF-8"?>
<!DOCTYPE html PUBLIC "-//W3C//DTD XHTML 1.0 Transitional//EN"
    "http://www.w3.org/TR/xhtml1/DTD/xhtml1-transitional.dtd">
<html xmlns="http://www.w3.org/1999/xhtml" xml:lang="en" lang="en">
 <head>
  <title>
</title>
<meta http-equiv="Content-Type" content="text/html;charset=utf-8" />
  <meta name='ocr-system' content='tesseract 3.04.00' />
  <meta name='ocr-capabilities' content='ocr_page ocr_carea ocr_par ocr_line ocrx_word'/>
</head>
<body>
  <div class='ocr_page' id='page_1' title='image "./synaggtnattiknno00tluoft_0445.png"; bbox 0 0 2114 3642; ppageno 0'>
   <div class='ocr_carea' id='block_1_1' title="bbox 639 235 1936 289">
    <p class='ocr_par' dir='ltr' id='par_1_1' title="bbox 639 235 1936 289">
     <span class='ocr_line' id='line_1_1' title="bbox 639 235 1936 289; baseline 0 -7"><span class='ocrx_word' id='word_1_1' title='bbox 639 251 1047 285; x_wconf 73' lang='lat' dir='ltr'><strong>COMMENTARIUS</strong></span> <span class='ocrx_word' id='word_1_2' title='bbox 1074 252 1144 283; x_wconf 90' lang='lat' dir='ltr'>AD</span> <span class='ocrx_word' id='word_1_3' title='bbox 1175 249 1230 289; x_wconf 85' lang='grc'>18,</span> <span class='ocrx_word' id='word_1_4' title='bbox 1258 249 1316 285; x_wconf 83' lang='lat'>20.</span> <span class='ocrx_word' id='word_1_5' title='bbox 1344 250 1402 285; x_wconf 83' lang='lat'>21.</span> <span class='ocrx_word' id='word_1_6' title='bbox 1836 235 1936 283; x_wconf 85' lang='lat'>419</span> 
     </span>
    </p>
   </div>
   <div class='ocr_carea' id='block_1_2' title="bbox 96 371 1938 1530">
    <p class='ocr_par' dir='ltr' id='par_1_2' title="bbox 96 371 1938 1530">
     <span class='ocr_line' id='line_1_2' title="bbox 98 371 1938 440; baseline 0.001 -19"><span class='ocrx_word' id='word_1_7' title='bbox 98 377 190 422; x_wconf 78' lang='grc' dir='ltr'><em>καὶ</em></span> <span class='ocrx_word' id='word_1_8' title='bbox 216 377 476 425; x_wconf 77' lang='grc' dir='ltr'><strong><em>πολιτείαν</em></strong></span> <span class='ocrx_word' id='word_1_9' title='bbox 505 374 873 439; x_wconf 69' lang='grc' dir='ltr'>δοκιμασθέντι</span> <span class='ocrx_word' id='word_1_10' title='bbox 904 381 960 426; x_wconf 75' lang='grc' dir='ltr'>ἐν</span> <span class='ocrx_word' id='word_1_11' title='bbox 993 384 1085 426; x_wconf 88' lang='grc' dir='ltr'>τωῐ</span> <span class='ocrx_word' id='word_1_12' title='bbox 1108 383 1149 439; x_wconf 74' lang='lat'>9)</span> <span class='ocrx_word' id='word_1_13' title='bbox 1192 376 1515 440; x_wconf 74' lang='grc' dir='ltr'><em>δικαστηρίωι</em></span> <span class='ocrx_word' id='word_1_14' title='bbox 1547 377 1602 436; x_wconf 83' lang='grc'>10)</span> <span class='ocrx_word' id='word_1_15' title='bbox 1643 371 1777 422; x_wconf 72' lang='grc' dir='ltr'><em>κατὰ</em></span> <span class='ocrx_word' id='word_1_16' title='bbox 1817 373 1938 430; x_wconf 80' lang='grc' dir='ltr'><em>τούς</em></span> 
     </span>
     <span class='ocr_line' id='line_1_3' title="bbox 98 455 1937 524; baseline 0 -18"><span class='ocrx_word' id='word_1_17' title='bbox 98 456 312 521; x_wconf 79' lang='grc' dir='ltr'><em>νόμους·</em></span> <span class='ocrx_word' id='word_1_18' title='bbox 361 458 481 515; x_wconf 74' lang='grc' dir='ltr'><em>τούς</em></span> <span class='ocrx_word' id='word_1_19' title='bbox 509 458 557 507; x_wconf 75' lang='grc' dir='ltr'>δὲ</span> <span class='ocrx_word' id='word_1_20' title='bbox 600 463 915 522; x_wconf 72' lang='grc' dir='ltr'><em>θεσμοθέτας</em></span> <span class='ocrx_word' id='word_1_21' title='bbox 956 458 1083 508; x_wconf 74' lang='grc' dir='ltr'><em>ὅταν</em></span> <span class='ocrx_word' id='word_1_22' title='bbox 1121 460 1372 524; x_wconf 72' lang='grc' dir='ltr'><em>πληρῶσιν</em></span> <span class='ocrx_word' id='word_1_23' title='bbox 1397 461 1458 522; x_wconf 75' lang='lat'>1¹)</span> <span class='ocrx_word' id='word_1_24' title='bbox 1500 455 1829 521; x_wconf 77' lang='grc' dir='ltr'><em>δικαστήριον</em></span> <span class='ocrx_word' id='word_1_25' title='bbox 1868 460 1937 513; x_wconf 78' lang='grc' dir='ltr'>εἰς</span> 
     </span>
     <span class='ocr_line' id='line_1_4' title="bbox 97 540 1938 611; baseline 0.001 -23"><span class='ocrx_word' id='word_1_26' title='bbox 97 544 184 589; x_wconf 71' lang='grc' dir='ltr'><em>ἕνα</em></span> <span class='ocrx_word' id='word_1_27' title='bbox 235 546 324 590; x_wconf 77' lang='grc' dir='ltr'><em>καὶ</em></span> <span class='ocrx_word' id='word_1_28' title='bbox 377 545 745 598; x_wconf 71' lang='grc' dir='ltr'><em>πεντακοσίους</em></span> <span class='ocrx_word' id='word_1_29' title='bbox 799 542 1068 602; x_wconf 74' lang='grc' dir='ltr'><em>δικαστάς,</em></span> <span class='ocrx_word' id='word_1_30' title='bbox 1123 547 1416 611; x_wconf 63' lang='grc' dir='ltr'><em>εἰσαγαγεῖν</em></span> <span class='ocrx_word' id='word_1_31' title='bbox 1466 540 1559 602; x_wconf 60' lang='grc' dir='ltr'>τήν</span> <span class='ocrx_word' id='word_1_32' title='bbox 1610 540 1938 606; x_wconf 79' lang='grc' dir='ltr'><em>δοκιμασίαν.</em></span> 
     </span>
     <span class='ocr_line' id='line_1_5' title="bbox 98 626 1938 693; baseline -0.001 -18"><span class='ocrx_word' id='word_1_33' title='bbox 98 627 365 693; x_wconf 87' lang='lat' dir='ltr'>(Dionysio</span> <span class='ocrx_word' id='word_1_34' title='bbox 405 629 642 678; x_wconf 80' lang='lat' dir='ltr'>archonte</span> <span class='ocrx_word' id='word_1_35' title='bbox 684 628 1090 693; x_wconf 87' lang='lat' dir='ltr'>Elaphebolionis</span> <span class='ocrx_word' id='word_1_36' title='bbox 1135 631 1318 677; x_wconf 80' lang='lat' dir='ltr'>mensis</span> <span class='ocrx_word' id='word_1_37' title='bbox 1356 627 1572 678; x_wconf 89' lang='lat' dir='ltr'>secunda</span> <span class='ocrx_word' id='word_1_38' title='bbox 1607 635 1723 693; x_wconf 87' lang='lat' dir='ltr'>post</span> <span class='ocrx_word' id='word_1_39' title='bbox 1760 626 1938 691; x_wconf 88' lang='lat' dir='ltr'>vigesi-</span> 
     </span>
     <span class='ocr_line' id='line_1_6' title="bbox 98 709 1936 777; baseline 0 -20"><span class='ocrx_word' id='word_1_40' title='bbox 98 728 255 772; x_wconf 90' lang='lat' dir='ltr'>mam,</span> <span class='ocrx_word' id='word_1_41' title='bbox 296 713 468 761; x_wconf 91' lang='lat' dir='ltr'>concio</span> <span class='ocrx_word' id='word_1_42' title='bbox 503 712 552 759; x_wconf 92' lang='lat' dir='ltr'>in</span> <span class='ocrx_word' id='word_1_43' title='bbox 592 711 821 771; x_wconf 90' lang='lat' dir='ltr'>Piraeeo,</span> <span class='ocrx_word' id='word_1_44' title='bbox 870 712 1036 761; x_wconf 89' lang='lat' dir='ltr'>Nicias</span> <span class='ocrx_word' id='word_1_45' title='bbox 1076 711 1316 777; x_wconf 81' lang='lat' dir='ltr'>Polyxeni</span> <span class='ocrx_word' id='word_1_46' title='bbox 1353 713 1507 773; x_wconf 85' lang='lat' dir='ltr'>filius,</span> <span class='ocrx_word' id='word_1_47' title='bbox 1547 711 1749 771; x_wconf 90' lang='lat' dir='ltr'>Porius,</span> <span class='ocrx_word' id='word_1_48' title='bbox 1789 709 1936 759; x_wconf 83' lang='lat' dir='ltr'><strong>dixit:</strong></span> 
     </span>
     <span class='ocr_line' id='line_1_7' title="bbox 98 788 1937 860; baseline 0.001 -18"><span class='ocrx_word' id='word_1_49' title='bbox 98 802 358 860; x_wconf 82' lang='lat' dir='ltr'>postquam</span> <span class='ocrx_word' id='word_1_50' title='bbox 384 788 661 845; x_wconf 78' lang='lat' dir='ltr'>Alexander</span> <span class='ocrx_word' id='word_1_51' title='bbox 700 795 871 842; x_wconf 89' lang='lat' dir='ltr'>utilem</span> <span class='ocrx_word' id='word_1_52' title='bbox 910 812 960 843; x_wconf 89' lang='lat' dir='ltr'>se</span> <span class='ocrx_word' id='word_1_53' title='bbox 999 795 1161 844; x_wconf 88' lang='lat' dir='ltr'>reddit</span> <span class='ocrx_word' id='word_1_54' title='bbox 1188 803 1235 843; x_wconf 89' lang='lat' dir='ltr'>et</span> <span class='ocrx_word' id='word_1_55' title='bbox 1263 795 1458 860; x_wconf 86' lang='lat' dir='ltr'>publice</span> <span class='ocrx_word' id='word_1_56' title='bbox 1487 803 1535 843; x_wconf 90' lang='lat' dir='ltr'>et</span> <span class='ocrx_word' id='word_1_57' title='bbox 1561 795 1793 860; x_wconf 87' lang='lat' dir='ltr'>privatim</span> <span class='ocrx_word' id='word_1_58' title='bbox 1820 794 1937 843; x_wconf 88' lang='lat' dir='ltr'>civi-</span> 
     </span>
     <span class='ocr_line' id='line_1_8' title="bbox 96 878 1936 944; baseline 0 -18"><span class='ocrx_word' id='word_1_59' title='bbox 96 879 186 926; x_wconf 88' lang='lat' dir='ltr'>bus</span> <span class='ocrx_word' id='word_1_60' title='bbox 214 878 263 926; x_wconf 93' lang='lat' dir='ltr'>in</span> <span class='ocrx_word' id='word_1_61' title='bbox 291 896 412 943; x_wconf 89' lang='lat' dir='ltr'>quos</span> <span class='ocrx_word' id='word_1_62' title='bbox 439 878 626 937; x_wconf 75' lang='lat' dir='ltr'>incidit,</span> <span class='ocrx_word' id='word_1_63' title='bbox 666 878 798 926; x_wconf 88' lang='lat' dir='ltr'>bona</span> <span class='ocrx_word' id='word_1_64' title='bbox 836 879 1033 927; x_wconf 81' lang='lat' dir='ltr'>fortuna</span> <span class='ocrx_word' id='word_1_65' title='bbox 1070 879 1256 944; x_wconf 77' lang='lat' dir='ltr'>placuit</span> <span class='ocrx_word' id='word_1_66' title='bbox 1292 879 1508 939; x_wconf 88' lang='lat' dir='ltr'>senatui,</span> <span class='ocrx_word' id='word_1_67' title='bbox 1548 886 1601 927; x_wconf 89' lang='lat' dir='ltr'>ut</span> <span class='ocrx_word' id='word_1_68' title='bbox 1628 886 1757 927; x_wconf 88' lang='lat' dir='ltr'>sorte</span> <span class='ocrx_word' id='word_1_69' title='bbox 1785 879 1836 926; x_wconf 90' lang='lat' dir='ltr'>in</span> <span class='ocrx_word' id='word_1_70' title='bbox 1862 896 1936 927; x_wconf 87' lang='lat' dir='ltr'>se-</span> 
     </span>
     <span class='ocr_line' id='line_1_9' title="bbox 97 960 1937 1027; baseline -0.001 -17"><span class='ocrx_word' id='word_1_71' title='bbox 97 969 329 1025; x_wconf 90' lang='lat' dir='ltr'>quentem</span> <span class='ocrx_word' id='word_1_72' title='bbox 356 962 642 1010; x_wconf 78' lang='lat' dir='ltr'>concionem</span> <span class='ocrx_word' id='word_1_73' title='bbox 668 961 920 1010; x_wconf 89' lang='lat' dir='ltr'>constituti</span> <span class='ocrx_word' id='word_1_74' title='bbox 947 961 1199 1027; x_wconf 81' lang='lat' dir='ltr'>praesides</span> <span class='ocrx_word' id='word_1_75' title='bbox 1227 970 1432 1026; x_wconf 84' lang='lat' dir='ltr'>agerent</span> <span class='ocrx_word' id='word_1_76' title='bbox 1461 960 1517 1009; x_wconf 90' lang='lat' dir='ltr'>de</span> <span class='ocrx_word' id='word_1_77' title='bbox 1544 961 1636 1009; x_wconf 87' lang='lat' dir='ltr'>hac</span> <span class='ocrx_word' id='word_1_78' title='bbox 1662 979 1738 1022; x_wconf 88' lang='lat' dir='ltr'>re,</span> <span class='ocrx_word' id='word_1_79' title='bbox 1779 960 1937 1010; x_wconf 87' lang='lat' dir='ltr'>decla-</span> 
     </span>
     <span class='ocr_line' id='line_1_10' title="bbox 96 1044 1937 1111; baseline 0 -18"><span class='ocrx_word' id='word_1_80' title='bbox 96 1053 355 1110; x_wconf 85' lang='lat' dir='ltr'>rarentque</span> <span class='ocrx_word' id='word_1_81' title='bbox 383 1045 674 1095; x_wconf 86' lang='lat' dir='ltr'>sententiam</span> <span class='ocrx_word' id='word_1_82' title='bbox 700 1052 898 1094; x_wconf 81' lang='lat' dir='ltr'>senatus</span> <span class='ocrx_word' id='word_1_83' title='bbox 927 1046 1138 1111; x_wconf 90' lang='lat' dir='ltr'>populo,</span> <span class='ocrx_word' id='word_1_84' title='bbox 1167 1045 1301 1110; x_wconf 90' lang='lat' dir='ltr'>quod</span> <span class='ocrx_word' id='word_1_85' title='bbox 1328 1045 1519 1094; x_wconf 89' lang='lat' dir='ltr'>senatui</span> <span class='ocrx_word' id='word_1_86' title='bbox 1547 1044 1796 1106; x_wconf 89' lang='lat' dir='ltr'>videatur,</span> <span class='ocrx_word' id='word_1_87' title='bbox 1834 1044 1937 1094; x_wconf 88' lang='lat' dir='ltr'>lau-</span> 
     </span>
     <span class='ocr_line' id='line_1_11' title="bbox 98 1128 1937 1190; baseline 0.001 -14"><span class='ocrx_word' id='word_1_88' title='bbox 98 1128 313 1177; x_wconf 85' lang='lat' dir='ltr'>dandum</span> <span class='ocrx_word' id='word_1_89' title='bbox 353 1145 457 1178; x_wconf 88' lang='lat' dir='ltr'>esse</span> <span class='ocrx_word' id='word_1_90' title='bbox 499 1129 838 1181; x_wconf 84' lang='lat' dir='ltr'>Alexandrum</span> <span class='ocrx_word' id='word_1_91' title='bbox 872 1129 1137 1178; x_wconf 79' lang='lat' dir='ltr'>Callistrati</span> <span class='ocrx_word' id='word_1_92' title='bbox 1166 1129 1322 1177; x_wconf 90' lang='lat' dir='ltr'>filium</span> <span class='ocrx_word' id='word_1_93' title='bbox 1349 1128 1757 1190; x_wconf 87' lang='lat' dir='ltr'>Thessalensem,</span> <span class='ocrx_word' id='word_1_94' title='bbox 1801 1145 1937 1177; x_wconf 88' lang='lat' dir='ltr'>coro-</span> 
     </span>
     <span class='ocr_line' id='line_1_12' title="bbox 97 1211 1938 1278; baseline 0 -17"><span class='ocrx_word' id='word_1_95' title='bbox 97 1213 413 1278; x_wconf 88' lang='lat' dir='ltr'>nandumque</span> <span class='ocrx_word' id='word_1_96' title='bbox 441 1214 562 1263; x_wconf 89' lang='lat' dir='ltr'>rami</span> <span class='ocrx_word' id='word_1_97' title='bbox 590 1230 798 1273; x_wconf 88' lang='lat' dir='ltr'>corona,</span> <span class='ocrx_word' id='word_1_98' title='bbox 839 1220 885 1261; x_wconf 86' lang='lat' dir='ltr'>et</span> <span class='ocrx_word' id='word_1_99' title='bbox 912 1212 1129 1261; x_wconf 86' lang='lat' dir='ltr'>dandum</span> <span class='ocrx_word' id='word_1_100' title='bbox 1156 1230 1261 1260; x_wconf 88' lang='lat' dir='ltr'>esse</span> <span class='ocrx_word' id='word_1_101' title='bbox 1288 1211 1355 1259; x_wconf 91' lang='lat' dir='ltr'>illi</span> <span class='ocrx_word' id='word_1_102' title='bbox 1375 1212 1456 1277; x_wconf 90' lang='lat' dir='ltr'>jus</span> <span class='ocrx_word' id='word_1_103' title='bbox 1484 1212 1719 1272; x_wconf 82' lang='lat' dir='ltr'>civitatis,</span> <span class='ocrx_word' id='word_1_104' title='bbox 1759 1230 1938 1277; x_wconf 89' lang='lat' dir='ltr'>appro-</span> 
     </span>
     <span class='ocr_line' id='line_1_13' title="bbox 99 1294 1938 1362; baseline 0 -18"><span class='ocrx_word' id='word_1_105' title='bbox 99 1296 215 1344; x_wconf 86' lang='lat' dir='ltr'>bato</span> <span class='ocrx_word' id='word_1_106' title='bbox 242 1297 290 1345; x_wconf 86' lang='lat' dir='ltr'>in</span> <span class='ocrx_word' id='word_1_107' title='bbox 311 1296 495 1362; x_wconf 87' lang='lat' dir='ltr'>judicio</span> <span class='ocrx_word' id='word_1_108' title='bbox 523 1294 787 1346; x_wconf 87' lang='lat' dir='ltr'>secundum</span> <span class='ocrx_word' id='word_1_109' title='bbox 812 1296 961 1359; x_wconf 86' lang='lat' dir='ltr'>leges.</span> <span class='ocrx_word' id='word_1_110' title='bbox 1014 1295 1399 1344; x_wconf 88' lang='lat' dir='ltr'>Thesmothetae</span> <span class='ocrx_word' id='word_1_111' title='bbox 1440 1302 1605 1343; x_wconf 87' lang='lat' dir='ltr'>autem</span> <span class='ocrx_word' id='word_1_112' title='bbox 1634 1313 1784 1360; x_wconf 91' lang='lat' dir='ltr'>quum</span> <span class='ocrx_word' id='word_1_113' title='bbox 1810 1303 1938 1344; x_wconf 85' lang='lat' dir='ltr'>sorte</span> 
     </span>
     <span class='ocr_line' id='line_1_14' title="bbox 96 1378 1938 1445; baseline -0.002 -16"><span class='ocrx_word' id='word_1_114' title='bbox 96 1381 438 1430; x_wconf 86' lang='lat' dir='ltr'>constituerint</span> <span class='ocrx_word' id='word_1_115' title='bbox 469 1380 703 1445; x_wconf 87' lang='lat' dir='ltr'>judicium</span> <span class='ocrx_word' id='word_1_116' title='bbox 744 1380 887 1428; x_wconf 86' lang='lat' dir='ltr'>unius</span> <span class='ocrx_word' id='word_1_117' title='bbox 930 1386 975 1427; x_wconf 88' lang='lat' dir='ltr'>et</span> <span class='ocrx_word' id='word_1_118' title='bbox 1017 1379 1398 1443; x_wconf 84' lang='lat' dir='ltr'>quingentorum</span> <span class='ocrx_word' id='word_1_119' title='bbox 1439 1379 1680 1440; x_wconf 80' lang='lat' dir='ltr'>virorum,</span> <span class='ocrx_word' id='word_1_120' title='bbox 1721 1378 1938 1427; x_wconf 89' lang='lat' dir='ltr'>introdu-</span> 
     </span>
     <span class='ocr_line' id='line_1_15' title="bbox 96 1463 920 1530; baseline 0 -19"><span class='ocrx_word' id='word_1_121' title='bbox 96 1472 207 1513; x_wconf 79' lang='lat' dir='ltr'>cant</span> <span class='ocrx_word' id='word_1_122' title='bbox 233 1463 604 1530; x_wconf 86' lang='lat' dir='ltr'>approbationis</span> <span class='ocrx_word' id='word_1_123' title='bbox 631 1463 920 1521; x_wconf 81' lang='lat' dir='ltr'>actionem.)</span> 
     </span>
    </p>
   </div>
   <div class='ocr_carea' id='block_1_3' title="bbox 903 1604 1146 1657">
    <p class='ocr_par' dir='ltr' id='par_1_3' title="bbox 903 1604 1146 1657">
     <span class='ocr_line' id='line_1_16' title="bbox 903 1604 1146 1657; baseline 0 0"><span class='ocrx_word' id='word_1_124' title='bbox 903 1604 1002 1657; x_wconf 80' lang='lat' dir='ltr'>Ad</span> <span class='ocrx_word' id='word_1_125' title='bbox 1042 1605 1146 1657; x_wconf 85' lang='lat'>20.</span> 
     </span>
    </p>
   </div>
   <div class='ocr_carea' id='block_1_4' title="bbox 97 1725 1942 2211">
    <p class='ocr_par' dir='ltr' id='par_1_4' title="bbox 97 1725 1942 2128">
     <span class='ocr_line' id='line_1_17' title="bbox 240 1725 1937 1793; baseline 0.001 -18"><span class='ocrx_word' id='word_1_126' title='bbox 240 1727 423 1776; x_wconf 87' lang='lat' dir='ltr'>Petitus</span> <span class='ocrx_word' id='word_1_127' title='bbox 464 1727 592 1777; x_wconf 85' lang='lat' dir='ltr'>hanc</span> <span class='ocrx_word' id='word_1_128' title='bbox 631 1745 823 1793; x_wconf 89' lang='lat' dir='ltr'>quoque</span> <span class='ocrx_word' id='word_1_129' title='bbox 863 1727 1011 1776; x_wconf 87' lang='lat' dir='ltr'>habet</span> <span class='ocrx_word' id='word_1_130' title='bbox 1050 1729 1209 1791; x_wconf 87' lang='lat' dir='ltr'>legem</span> <span class='ocrx_word' id='word_1_131' title='bbox 1252 1745 1276 1774; x_wconf 88' lang='lat' dir='ltr'>e</span> <span class='ocrx_word' id='word_1_132' title='bbox 1304 1726 1566 1777; x_wconf 85' lang='lat' dir='ltr'>scholiasta</span> <span class='ocrx_word' id='word_1_133' title='bbox 1592 1725 1937 1792; x_wconf 85' lang='lat' dir='ltr'>Aristophanis</span> 
     </span>
     <span class='ocr_line' id='line_1_18' title="bbox 97 1805 1939 1870; baseline -0.002 -11"><span class='ocrx_word' id='word_1_134' title='bbox 97 1811 196 1870; x_wconf 80' lang='lat' dir='ltr'>(ad</span> <span class='ocrx_word' id='word_1_135' title='bbox 222 1811 370 1860; x_wconf 82' lang='lat' dir='ltr'>Rau.</span> <span class='ocrx_word' id='word_1_136' title='bbox 401 1812 557 1870; x_wconf 81' lang='lat'>416):</span> <span class='ocrx_word' id='word_1_137' title='bbox 597 1808 716 1865; x_wconf 70' lang='grc' dir='ltr'>τούς</span> <span class='ocrx_word' id='word_1_138' title='bbox 744 1814 793 1867; x_wconf 71' lang='grc' dir='ltr'>ἐξ</span> <span class='ocrx_word' id='word_1_139' title='bbox 824 1806 1112 1866; x_wconf 72' lang='grc' dir='ltr'><em>ἀλλοδαπῆς</em></span> <span class='ocrx_word' id='word_1_140' title='bbox 1146 1805 1400 1870; x_wconf 71' lang='grc' dir='ltr'>Ἀθήνῃσι</span> <span class='ocrx_word' id='word_1_141' title='bbox 1428 1815 1699 1858; x_wconf 69' lang='grc' dir='ltr'><em>κατοικεῖν</em></span> <span class='ocrx_word' id='word_1_142' title='bbox 1726 1812 1939 1857; x_wconf 73' lang='grc' dir='ltr'><em>ἐθέλον-</em></span> 
     </span>
     <span class='ocr_line' id='line_1_19' title="bbox 97 1890 1942 1960; baseline 0.001 -21"><span class='ocrx_word' id='word_1_143' title='bbox 97 1912 210 1950; x_wconf 74' lang='grc' dir='ltr'><em>τας,</em></span> <span class='ocrx_word' id='word_1_144' title='bbox 261 1895 329 1948; x_wconf 73' lang='grc' dir='ltr'>εἰς</span> <span class='ocrx_word' id='word_1_145' title='bbox 373 1896 582 1949; x_wconf 78' lang='grc' dir='ltr'><em>πολίτας</em></span> <span class='ocrx_word' id='word_1_146' title='bbox 621 1893 854 1942; x_wconf 68' lang='grc' dir='ltr'><em>ἐνταῦθα</em></span> <span class='ocrx_word' id='word_1_147' title='bbox 889 1891 1089 1955; x_wconf 68' lang='grc' dir='ltr'><em>χρόνον</em></span> <span class='ocrx_word' id='word_1_148' title='bbox 1130 1890 1311 1959; x_wconf 66' lang='grc' dir='ltr'><em>ὀλίγον</em></span> <span class='ocrx_word' id='word_1_149' title='bbox 1352 1891 1718 1958; x_wconf 69' lang='grc' dir='ltr'>διατρίψαντας</span> <span class='ocrx_word' id='word_1_150' title='bbox 1758 1892 1942 1960; x_wconf 68' lang='grc' dir='ltr'><em>ἐγγρά-</em></span> 
     </span>
     <span class='ocr_line' id='line_1_20' title="bbox 98 1978 1940 2044; baseline 0.001 -21"><span class='ocrx_word' id='word_1_151' title='bbox 98 1981 302 2037; x_wconf 65' lang='grc' dir='ltr'><em>φεσθαι.</em></span> <span class='ocrx_word' id='word_1_152' title='bbox 357 1979 414 2027; x_wconf 83' lang='lat' dir='ltr'>Id</span> <span class='ocrx_word' id='word_1_153' title='bbox 454 1986 553 2027; x_wconf 83' lang='lat' dir='ltr'>est:</span> <span class='ocrx_word' id='word_1_154' title='bbox 605 1979 865 2040; x_wconf 77' lang='lat' dir='ltr'>Advenae,</span> <span class='ocrx_word' id='word_1_155' title='bbox 909 1980 991 2044; x_wconf 91' lang='lat' dir='ltr'>qui</span> <span class='ocrx_word' id='word_1_156' title='bbox 1037 1979 1251 2028; x_wconf 80' lang='lat' dir='ltr'>Athenas</span> <span class='ocrx_word' id='word_1_157' title='bbox 1292 1978 1542 2027; x_wconf 84' lang='lat' dir='ltr'>habitandi</span> <span class='ocrx_word' id='word_1_158' title='bbox 1583 1996 1701 2041; x_wconf 84' lang='lat' dir='ltr'>ergo</span> <span class='ocrx_word' id='word_1_159' title='bbox 1743 1979 1940 2027; x_wconf 86' lang='lat' dir='ltr'>commi-</span> 
     </span>
     <span class='ocr_line' id='line_1_21' title="bbox 99 2063 1457 2128; baseline 0 -18"><span class='ocrx_word' id='word_1_160' title='bbox 99 2071 325 2126; x_wconf 87' lang='lat' dir='ltr'>grarunt,</span> <span class='ocrx_word' id='word_1_161' title='bbox 354 2063 483 2110; x_wconf 84' lang='lat' dir='ltr'>intra</span> <span class='ocrx_word' id='word_1_162' title='bbox 510 2064 660 2111; x_wconf 81' lang='lat' dir='ltr'>breve</span> <span class='ocrx_word' id='word_1_163' title='bbox 688 2072 882 2128; x_wconf 83' lang='lat' dir='ltr'>tempus</span> <span class='ocrx_word' id='word_1_164' title='bbox 910 2065 958 2111; x_wconf 84' lang='lat' dir='ltr'>in</span> <span class='ocrx_word' id='word_1_165' title='bbox 988 2063 1120 2110; x_wconf 60' lang='lat' dir='ltr'>cives</span> <span class='ocrx_word' id='word_1_166' title='bbox 1147 2070 1457 2126; x_wconf 78' lang='lat' dir='ltr'>cooptantor.</span> 
     </span>
    </p>

    <p class='ocr_par' dir='ltr' id='par_1_5' title="bbox 241 2144 1938 2211">
     <span class='ocr_line' id='line_1_22' title="bbox 241 2144 1938 2211; baseline -0.001 -17"><span class='ocrx_word' id='word_1_167' title='bbox 241 2145 338 2194; x_wconf 82' lang='lat' dir='ltr'>Sed</span> <span class='ocrx_word' id='word_1_168' title='bbox 367 2145 488 2194; x_wconf 66' lang='lat' dir='ltr'>haec</span> <span class='ocrx_word' id='word_1_169' title='bbox 516 2146 638 2194; x_wconf 87' lang='lat' dir='ltr'>adeo</span> <span class='ocrx_word' id='word_1_170' title='bbox 666 2154 857 2211; x_wconf 83' lang='lat' dir='ltr'>pugnat</span> <span class='ocrx_word' id='word_1_171' title='bbox 884 2165 990 2195; x_wconf 80' lang='lat' dir='ltr'>cum</span> <span class='ocrx_word' id='word_1_172' title='bbox 1019 2146 1229 2210; x_wconf 87' lang='lat' dir='ltr'>reliquis,</span> <span class='ocrx_word' id='word_1_173' title='bbox 1255 2154 1307 2193; x_wconf 87' lang='lat' dir='ltr'>ut</span> <span class='ocrx_word' id='word_1_174' title='bbox 1322 2163 1410 2210; x_wconf 88' lang='lat' dir='ltr'>pro</span> <span class='ocrx_word' id='word_1_175' title='bbox 1428 2147 1541 2195; x_wconf 74' lang='lat' dir='ltr'>ficta</span> <span class='ocrx_word' id='word_1_176' title='bbox 1557 2145 1724 2194; x_wconf 83' lang='lat' dir='ltr'>haberi</span> <span class='ocrx_word' id='word_1_177' title='bbox 1752 2144 1938 2193; x_wconf 83' lang='lat' dir='ltr'>debeat.</span> 
     </span>
    </p>
   </div>
   <div class='ocr_carea' id='block_1_5' title="bbox 904 2285 1134 2339">
    <p class='ocr_par' dir='ltr' id='par_1_6' title="bbox 904 2285 1134 2339">
     <span class='ocr_line' id='line_1_23' title="bbox 904 2285 1134 2339; baseline 0.004 -1"><span class='ocrx_word' id='word_1_178' title='bbox 904 2285 1002 2339; x_wconf 79' lang='lat' dir='ltr'>Ad</span> <span class='ocrx_word' id='word_1_179' title='bbox 1042 2288 1134 2339; x_wconf 82' lang='lat'>21.</span> 
     </span>
    </p>
   </div>
   <div class='ocr_carea' id='block_1_6' title="bbox 96 2407 1937 3143">
    <p class='ocr_par' dir='ltr' id='par_1_7' title="bbox 96 2407 1937 3143">
     <span class='ocr_line' id='line_1_24' title="bbox 242 2407 1936 2472; baseline -0.003 -12"><span class='ocrx_word' id='word_1_180' title='bbox 242 2408 581 2460; x_wconf 81' lang='lat' dir='ltr'>Aristotel.</span> <span class='ocrx_word' id='word_1_181' title='bbox 622 2409 812 2458; x_wconf 88' lang='lat' dir='ltr'>Polit.</span> <span class='ocrx_word' id='word_1_182' title='bbox 854 2409 917 2469; x_wconf 85' lang='lat' dir='ltr'>II,</span> <span class='ocrx_word' id='word_1_183' title='bbox 955 2410 999 2467; x_wconf 85' lang='lat'>9,</span> <span class='ocrx_word' id='word_1_184' title='bbox 1031 2410 1086 2455; x_wconf 70' lang='lat'>4:</span> <span class='ocrx_word' id='word_1_185' title='bbox 1127 2407 1280 2457; x_wconf 81' lang='lat' dir='ltr'>Solon</span> <span class='ocrx_word' id='word_1_186' title='bbox 1308 2407 1504 2472; x_wconf 88' lang='lat' dir='ltr'>quidem</span> <span class='ocrx_word' id='word_1_187' title='bbox 1532 2408 1741 2456; x_wconf 84' lang='lat' dir='ltr'>maxime</span> <span class='ocrx_word' id='word_1_188' title='bbox 1769 2423 1936 2455; x_wconf 83' lang='lat' dir='ltr'>neces-</span> 
     </span>
     <span class='ocr_line' id='line_1_25' title="bbox 99 2491 1936 2558; baseline -0.002 -17"><span class='ocrx_word' id='word_1_189' title='bbox 99 2494 275 2542; x_wconf 86' lang='lat' dir='ltr'>sariam</span> <span class='ocrx_word' id='word_1_190' title='bbox 302 2492 484 2558; x_wconf 80' lang='lat' dir='ltr'>populo</span> <span class='ocrx_word' id='word_1_191' title='bbox 513 2502 807 2558; x_wconf 83' lang='lat' dir='ltr'>potestatem</span> <span class='ocrx_word' id='word_1_192' title='bbox 847 2493 1075 2541; x_wconf 83' lang='lat' dir='ltr'>tribuisse</span> <span class='ocrx_word' id='word_1_193' title='bbox 1116 2493 1311 2539; x_wconf 75' lang='lat' dir='ltr'>videtur</span> <span class='ocrx_word' id='word_1_194' title='bbox 1350 2491 1726 2554; x_wconf 80' lang='lat' dir='ltr'>magistratuum</span> <span class='ocrx_word' id='word_1_195' title='bbox 1753 2491 1936 2555; x_wconf 84' lang='lat' dir='ltr'>eligen-</span> 
     </span>
     <span class='ocr_line' id='line_1_26' title="bbox 98 2574 1937 2641; baseline -0.002 -17"><span class='ocrx_word' id='word_1_196' title='bbox 98 2577 270 2624; x_wconf 85' lang='lat' dir='ltr'>dorum</span> <span class='ocrx_word' id='word_1_197' title='bbox 309 2584 355 2624; x_wconf 89' lang='lat' dir='ltr'>et</span> <span class='ocrx_word' id='word_1_198' title='bbox 390 2577 633 2625; x_wconf 86' lang='lat' dir='ltr'>rationum</span> <span class='ocrx_word' id='word_1_199' title='bbox 673 2577 735 2626; x_wconf 86' lang='lat' dir='ltr'>ab</span> <span class='ocrx_word' id='word_1_200' title='bbox 775 2577 830 2624; x_wconf 81' lang='lat' dir='ltr'>iis</span> <span class='ocrx_word' id='word_1_201' title='bbox 868 2576 1291 2641; x_wconf 85' lang='lat' dir='ltr'>reposcendarum.</span> <span class='ocrx_word' id='word_1_202' title='bbox 1345 2574 1396 2623; x_wconf 85' lang='lat' dir='ltr'>Si</span> <span class='ocrx_word' id='word_1_203' title='bbox 1422 2576 1548 2622; x_wconf 89' lang='lat' dir='ltr'>enim</span> <span class='ocrx_word' id='word_1_204' title='bbox 1575 2592 1636 2622; x_wconf 91' lang='lat' dir='ltr'>ne</span> <span class='ocrx_word' id='word_1_205' title='bbox 1662 2574 1808 2638; x_wconf 87' lang='lat' dir='ltr'>hujus</span> <span class='ocrx_word' id='word_1_206' title='bbox 1835 2574 1937 2638; x_wconf 91' lang='lat' dir='ltr'>qui-</span> 
     </span>
     <span class='ocr_line' id='line_1_27' title="bbox 99 2656 1936 2725; baseline -0.001 -19"><span class='ocrx_word' id='word_1_207' title='bbox 99 2660 209 2708; x_wconf 88' lang='lat' dir='ltr'>dem</span> <span class='ocrx_word' id='word_1_208' title='bbox 236 2659 304 2708; x_wconf 89' lang='lat' dir='ltr'>rei</span> <span class='ocrx_word' id='word_1_209' title='bbox 331 2667 549 2724; x_wconf 89' lang='lat' dir='ltr'>potestas</span> <span class='ocrx_word' id='word_1_210' title='bbox 591 2662 652 2708; x_wconf 90' lang='lat' dir='ltr'>sit</span> <span class='ocrx_word' id='word_1_211' title='bbox 689 2678 841 2725; x_wconf 85' lang='lat' dir='ltr'>penes</span> <span class='ocrx_word' id='word_1_212' title='bbox 867 2661 1136 2725; x_wconf 89' lang='lat' dir='ltr'>populum,</span> <span class='ocrx_word' id='word_1_213' title='bbox 1177 2666 1522 2725; x_wconf 87' lang='lat' dir='ltr'>praeterquam</span> <span class='ocrx_word' id='word_1_214' title='bbox 1564 2656 1696 2720; x_wconf 87' lang='lat' dir='ltr'>quod</span> <span class='ocrx_word' id='word_1_215' title='bbox 1736 2674 1936 2718; x_wconf 83' lang='lat' dir='ltr'>servus,</span> 
     </span>
     <span class='ocr_line' id='line_1_28' title="bbox 99 2740 1935 2806; baseline -0.001 -16"><span class='ocrx_word' id='word_1_216' title='bbox 99 2743 244 2792; x_wconf 91' lang='lat' dir='ltr'>etiam</span> <span class='ocrx_word' id='word_1_217' title='bbox 271 2742 424 2791; x_wconf 88' lang='lat' dir='ltr'>hostis</span> <span class='ocrx_word' id='word_1_218' title='bbox 454 2750 539 2791; x_wconf 87' lang='lat' dir='ltr'>cst.</span> <span class='ocrx_word' id='word_1_219' title='bbox 591 2742 907 2806; x_wconf 82' lang='lat' dir='ltr'>Magistratus</span> <span class='ocrx_word' id='word_1_220' title='bbox 947 2750 1112 2792; x_wconf 90' lang='lat' dir='ltr'>autem</span> <span class='ocrx_word' id='word_1_221' title='bbox 1152 2760 1320 2790; x_wconf 89' lang='lat' dir='ltr'>omnes</span> <span class='ocrx_word' id='word_1_222' title='bbox 1349 2759 1407 2789; x_wconf 76' lang='lat' dir='ltr'>ex</span> <span class='ocrx_word' id='word_1_223' title='bbox 1435 2741 1701 2789; x_wconf 80' lang='lat' dir='ltr'>illustribus</span> <span class='ocrx_word' id='word_1_224' title='bbox 1729 2746 1775 2788; x_wconf 90' lang='lat' dir='ltr'>et</span> <span class='ocrx_word' id='word_1_225' title='bbox 1802 2740 1935 2789; x_wconf 89' lang='lat' dir='ltr'>locu-</span> 
     </span>
     <span class='ocr_line' id='line_1_29' title="bbox 98 2822 1937 2892; baseline -0.003 -16"><span class='ocrx_word' id='word_1_226' title='bbox 98 2827 311 2892; x_wconf 89' lang='lat' dir='ltr'>pletibus</span> <span class='ocrx_word' id='word_1_227' title='bbox 351 2826 540 2874; x_wconf 71' lang='lat' dir='ltr'>civibus</span> <span class='ocrx_word' id='word_1_228' title='bbox 581 2827 789 2888; x_wconf 85' lang='lat' dir='ltr'>creavit,</span> <span class='ocrx_word' id='word_1_229' title='bbox 838 2844 1017 2892; x_wconf 89' lang='lat' dir='ltr'>nempe</span> <span class='ocrx_word' id='word_1_230' title='bbox 1058 2843 1115 2874; x_wconf 84' lang='lat' dir='ltr'>ex</span> <span class='ocrx_word' id='word_1_231' title='bbox 1153 2826 1210 2873; x_wconf 85' lang='lat' dir='ltr'>iis</span> <span class='ocrx_word' id='word_1_232' title='bbox 1251 2826 1332 2889; x_wconf 86' lang='lat' dir='ltr'>qui</span> <span class='ocrx_word' id='word_1_233' title='bbox 1372 2824 1641 2888; x_wconf 87' lang='lat' dir='ltr'>quingenta</span> <span class='ocrx_word' id='word_1_234' title='bbox 1692 2822 1937 2871; x_wconf 87' lang='lat' dir='ltr'>medimna</span> 
     </span>
     <span class='ocr_line' id='line_1_30' title="bbox 98 2906 1931 2976; baseline -0.002 -18"><span class='ocrx_word' id='word_1_235' title='bbox 98 2910 361 2975; x_wconf 89' lang='lat' dir='ltr'>quotannis</span> <span class='ocrx_word' id='word_1_236' title='bbox 388 2927 446 2958; x_wconf 82' lang='lat' dir='ltr'>ex</span> <span class='ocrx_word' id='word_1_237' title='bbox 474 2910 603 2974; x_wconf 87' lang='lat' dir='ltr'>agris</span> <span class='ocrx_word' id='word_1_238' title='bbox 632 2909 729 2958; x_wconf 89' lang='lat' dir='ltr'>suis</span> <span class='ocrx_word' id='word_1_239' title='bbox 756 2911 1093 2976; x_wconf 81' lang='lat' dir='ltr'>perciperent,</span> <span class='ocrx_word' id='word_1_240' title='bbox 1135 2917 1182 2958; x_wconf 93' lang='lat' dir='ltr'>et</span> <span class='ocrx_word' id='word_1_241' title='bbox 1223 2926 1280 2957; x_wconf 82' lang='lat' dir='ltr'>ex</span> <span class='ocrx_word' id='word_1_242' title='bbox 1306 2908 1362 2956; x_wconf 88' lang='lat' dir='ltr'>iis</span> <span class='ocrx_word' id='word_1_243' title='bbox 1391 2907 1472 2972; x_wconf 89' lang='lat' dir='ltr'>qui</span> <span class='ocrx_word' id='word_1_244' title='bbox 1501 2906 1736 2970; x_wconf 87' lang='lat' dir='ltr'>Zeugitae</span> <span class='ocrx_word' id='word_1_245' title='bbox 1764 2906 1931 2954; x_wconf 88' lang='lat' dir='ltr'>dicun-</span> 
     </span>
     <span class='ocr_line' id='line_1_31' title="bbox 96 2989 1935 3058; baseline -0.002 -17"><span class='ocrx_word' id='word_1_246' title='bbox 96 3002 200 3054; x_wconf 87' lang='lat' dir='ltr'>tur,</span> <span class='ocrx_word' id='word_1_247' title='bbox 242 3002 289 3042; x_wconf 89' lang='lat' dir='ltr'>et</span> <span class='ocrx_word' id='word_1_248' title='bbox 328 3011 387 3042; x_wconf 81' lang='lat' dir='ltr'>ex</span> <span class='ocrx_word' id='word_1_249' title='bbox 427 2993 638 3058; x_wconf 87' lang='lat' dir='ltr'>equestri</span> <span class='ocrx_word' id='word_1_250' title='bbox 679 2992 860 3042; x_wconf 87' lang='lat' dir='ltr'>ordine.</span> <span class='ocrx_word' id='word_1_251' title='bbox 914 2994 1130 3052; x_wconf 77' lang='lat' dir='ltr'>Quartae</span> <span class='ocrx_word' id='word_1_252' title='bbox 1169 2999 1331 3039; x_wconf 90' lang='lat' dir='ltr'>autem</span> <span class='ocrx_word' id='word_1_253' title='bbox 1358 2990 1526 3038; x_wconf 87' lang='lat' dir='ltr'>classis</span> <span class='ocrx_word' id='word_1_254' title='bbox 1553 2989 1714 3052; x_wconf 89' lang='lat' dir='ltr'>cives,</span> <span class='ocrx_word' id='word_1_255' title='bbox 1754 3006 1935 3038; x_wconf 86' lang='lat' dir='ltr'>merce-</span> 
     </span>
     <span class='ocr_line' id='line_1_32' title="bbox 99 3073 1566 3143; baseline -0.001 -20"><span class='ocrx_word' id='word_1_256' title='bbox 99 3076 222 3124; x_wconf 89' lang='lat' dir='ltr'>narii</span> <span class='ocrx_word' id='word_1_257' title='bbox 249 3084 297 3125; x_wconf 91' lang='lat' dir='ltr'>et</span> <span class='ocrx_word' id='word_1_258' title='bbox 323 3077 562 3143; x_wconf 86' lang='lat' dir='ltr'>operarii,</span> <span class='ocrx_word' id='word_1_259' title='bbox 604 3083 718 3124; x_wconf 88' lang='lat' dir='ltr'>sunt</span> <span class='ocrx_word' id='word_1_260' title='bbox 743 3076 923 3124; x_wconf 88' lang='lat' dir='ltr'>nullius</span> <span class='ocrx_word' id='word_1_261' title='bbox 951 3075 1264 3138; x_wconf 83' lang='lat' dir='ltr'>magistratus</span> <span class='ocrx_word' id='word_1_262' title='bbox 1292 3073 1566 3139; x_wconf 81' lang='lat' dir='ltr'>participes.</span> 
     </span>
    </p>
   </div>
   <div class='ocr_carea' id='block_1_7' title="bbox 100 3166 1935 3318">
    <p class='ocr_par' dir='ltr' id='par_1_8' title="bbox 100 3166 1935 3318">
     <span class='ocr_line' id='line_1_33' title="bbox 241 3166 1935 3234; baseline -0.002 -16"><span class='ocrx_word' id='word_1_263' title='bbox 241 3171 568 3220; x_wconf 86' lang='lat' dir='ltr'>Plutarch.</span> <span class='ocrx_word' id='word_1_264' title='bbox 598 3168 919 3218; x_wconf 84' lang='lat' dir='ltr'>Aristidis</span> <span class='ocrx_word' id='word_1_265' title='bbox 948 3187 1081 3218; x_wconf 88' lang='lat' dir='ltr'>cum</span> <span class='ocrx_word' id='word_1_266' title='bbox 1108 3168 1357 3217; x_wconf 84' lang='lat' dir='ltr'>Catone</span> <span class='ocrx_word' id='word_1_267' title='bbox 1387 3166 1675 3234; x_wconf 83' lang='lat' dir='ltr'>Compar.</span> <span class='ocrx_word' id='word_1_268' title='bbox 1707 3169 1765 3216; x_wconf 87' lang='lat'>1.:</span> <span class='ocrx_word' id='word_1_269' title='bbox 1793 3168 1935 3215; x_wconf 86' lang='lat' dir='ltr'>Tunc</span> 
     </span>
     <span class='ocr_line' id='line_1_34' title="bbox 100 3252 1934 3318; baseline -0.004 -13"><span class='ocrx_word' id='word_1_270' title='bbox 100 3253 302 3305; x_wconf 87' lang='lat' dir='ltr'>Athenis</span> <span class='ocrx_word' id='word_1_271' title='bbox 329 3255 569 3305; x_wconf 82' lang='lat' dir='ltr'>maximus</span> <span class='ocrx_word' id='word_1_272' title='bbox 598 3261 699 3302; x_wconf 89' lang='lat' dir='ltr'>erat</span> <span class='ocrx_word' id='word_1_273' title='bbox 726 3271 898 3302; x_wconf 89' lang='lat' dir='ltr'>census</span> <span class='ocrx_word' id='word_1_274' title='bbox 928 3253 1310 3317; x_wconf 87' lang='lat' dir='ltr'>quingentorum</span> <span class='ocrx_word' id='word_1_275' title='bbox 1345 3252 1644 3314; x_wconf 89' lang='lat' dir='ltr'>modiorum,</span> <span class='ocrx_word' id='word_1_276' title='bbox 1685 3252 1934 3318; x_wconf 83' lang='lat' dir='ltr'>proximus</span> 
     </span>
    </p>
   </div>
   <div class='ocr_carea' id='block_1_8' title="bbox 102 3365 376 3371">
    <p class='ocr_par' dir='ltr' id='par_1_9' title="bbox 102 3365 376 3371">
     <span class='ocr_line' id='line_1_35' title="bbox 102 3365 376 3371; baseline 0 0"><span class='ocrx_word' id='word_1_277' title='bbox 102 3365 376 3371; x_wconf 95' lang='lat' dir='ltr'> </span> 
     </span>
    </p>
   </div>
   <div class='ocr_carea' id='block_1_9' title="bbox 241 3400 1650 3516">
    <p class='ocr_par' dir='ltr' id='par_1_10' title="bbox 241 3400 1650 3516">
     <span class='ocr_line' id='line_1_36' title="bbox 241 3400 1548 3464; baseline 0 -17"><span class='ocrx_word' id='word_1_278' title='bbox 241 3409 290 3455; x_wconf 82' lang='lat'>9)</span> <span class='ocrx_word' id='word_1_279' title='bbox 315 3400 390 3464; x_wconf 67' lang='grc' dir='ltr'>τῷ.</span> <span class='ocrx_word' id='word_1_280' title='bbox 412 3432 466 3438; x_wconf 43' lang='lat' dir='ltr'>-u</span> <span class='ocrx_word' id='word_1_281' title='bbox 494 3409 570 3455; x_wconf 84' lang='lat'>10)</span> <span class='ocrx_word' id='word_1_282' title='bbox 595 3403 877 3463; x_wconf 77' lang='grc' dir='ltr'><em>δικαστηρίῳ.</em></span> <span class='ocrx_word' id='word_1_283' title='bbox 903 3429 953 3435; x_wconf 92' lang='lat'>--</span> <span class='ocrx_word' id='word_1_284' title='bbox 982 3406 1058 3454; x_wconf 82' lang='lat'>11)</span> <span class='ocrx_word' id='word_1_285' title='bbox 1081 3402 1299 3461; x_wconf 82' lang='lat' dir='ltr'>ConjiciO:</span> <span class='ocrx_word' id='word_1_286' title='bbox 1323 3401 1548 3464; x_wconf 76' lang='grc' dir='ltr'><em>κληρῶσιν.</em></span> 
     </span>
     <span class='ocr_line' id='line_1_37' title="bbox 1566 3475 1650 3516; baseline 0 0"><span class='ocrx_word' id='word_1_287' title='bbox 1566 3475 1650 3516; x_wconf 67' lang='grc'>27“’(·</span> 
     </span>
    </p>
   </div>
  </div>
 </body>
</html>
