2114 3642
199 214 299 260 544
641 221 1048 257 COMMENTAnms
1076 221 1145 251 An
1173 218 1255 253 988.
1284 219 1365 254 989.
1395 219 1475 253 992.
1503 221 1584 253 996.

201 354 477 404 conducere
505 359 758 418 poterant,
803 347 1087 396 drachmam
1126 353 1314 396 tantum
1356 349 1612 413 spectandi
1651 349 1812 411 gratia
1851 349 2035 412 persol-

197 437 409 487 vendam
435 452 538 485 esse
565 435 915 492 decreverunt,
958 447 1102 496 quam
1130 440 1369 481 vocarunt
1400 428 1669 493 θεωρικὸν.

974 547 1074 600 Ad
1105 549 1255 601 988.

338 662 482 713 Anno
507 659 651 708 tertio
676 658 793 707 belli
820 656 1220 723 peloponnesiaci
1247 657 1661 707 Athenienienses
1689 656 1893 705 devictis
1922 658 2036 705 Les-

194 748 287 796 biis
314 761 487 807 agrum
513 759 683 791 eorum
710 742 760 789 in
787 747 860 789 ter
887 741 1017 788 mille
1046 747 1202 788 sortes
1240 741 1537 801 diviserunt⁷
1579 748 1626 788 et
1653 747 1902 789 trecentas
1931 741 2035 804 qui-

195 831 304 878 dem
331 827 422 876 diis
449 831 828 885 consecrarunt,
868 824 917 871 in
957 823 1169 887 reliquas
1197 841 1313 871 vero
1343 824 1593 889 agripetas
1622 823 1753 871 facta
1781 823 2035 871 sortitione

191 913 439 961 miserunt.
481 909 552 970 (T
567 910 599 958 h
612 926 644 956 u
660 925 685 956 c
699 926 731 973 y
747 907 864 956 did.
894 907 982 967 III,
1013 907 1122 965 50.)

335 1006 409 1055 Cf.
437 1005 527 1054 Vo
545 1004 733 1053 emel:
762 1003 820 1052 de
849 1003 1129 1051 discrimine
1158 1001 1513 1050 vocabulorum
1540 998 1854 1062 κληροῦχος,
1884 995 2037 1047 ἄποι-

193 1109 301 1147 κος,
332 1090 552 1142 ἔποικος.
589 1087 850 1149 (Francof.
882 1086 1060 1144 1839.)
1092 1116 1155 1121 —-
1185 1085 1391 1134 Kirch
1407 1085 1572 1133 hoff:
1612 1085 1708 1133 Zur
1735 1084 2033 1133 Geschichte

192 1175 277 1223 der
303 1174 545 1222 attischen
563 1170 820 1220 Cleruchie
850 1170 939 1218 auf
956 1170 1185 1217 Lemnos.
1216 1170 1466 1229 (Hermes,
1498 1168 1777 1216 Zeitschrift
1806 1170 1887 1216 fiir
1914 1170 2037 1216 clas-

193 1259 349 1307 sische
379 1256 663 1319 Philologie.
705 1254 869 1302 Berlin
905 1254 1053 1302 1866.
1095 1272 1140 1319 p.
1171 1252 1315 1312 217).

975 1381 1076 1434 Ad
1106 1383 1257 1434 989.

336 1494 537 1544 Suidas:
572 1489 888 1548 Ἀδύνατοι,
933 1510 1139 1557 corpore
1178 1493 1415 1552 mutilati,
1458 1493 1538 1556 qui
1567 1510 1596 1540 a
1627 1499 1800 1540 senatu
1844 1492 2037 1556 probati

195 1579 506 1645 accipiebant
547 1577 764 1641 quotidie
804 1577 886 1624 alii
927 1576 1047 1624 duos
1090 1575 1288 1635 obolos7
1329 1576 1410 1623 alii
1451 1594 1566 1623 vero
1610 1577 1823 1624 obolum.
1878 1575 2038 1623 Philo-

194 1664 370 1712 chorus
398 1669 560 1711 autem
588 1661 702 1709 dicit
728 1677 906 1707 novem
934 1659 1194 1708 drachmas
1222 1660 1428 1722 singulis
1455 1659 1721 1707 mensibus.

338 1746 410 1795 Cf.
440 1745 603 1794 Schol.
633 1745 683 1792 in
713 1742 939 1792 Aeschin.
969 1743 1217 1791 Timarch.
1250 1742 1361 1790 103.

976 1859 1075 1911 Ad
1110 1860 1260 1911 992.

337 1974 395 2021 In
436 1971 780 2036 Aristophanis
820 1971 1020 2018 Ranis
1063 1970 1206 2029 (761.
1247 1988 1290 2017 v.
1332 1971 1461 2034 seq.)
1503 1970 1620 2017 (licit
1665 1970 1876 2020 Aeacus:
1929 1969 2040 2030 „lex

197 2056 440 2122 quaedam
466 2055 544 2104 hic
573 2056 779 2120 (nempe
807 2055 854 2101 in
882 2054 1039 2112 Orco)
1081 2061 1263 2101 statuta
1302 2062 1400 2111 est,
1442 2061 1495 2101 ut
1535 2071 1593 2102 ex
1633 2053 1821 2101 artibus
1849 2053 2041 2117 majori-

196 2141 287 2188 bus
316 2147 364 2187 et
390 2139 773 2202 elegantioribus
800 2137 907 2195 ille,
951 2138 1031 2201 qui
1062 2146 1133 2185 est
1159 2137 1609 2202 praestantissimus
1646 2137 1718 2184 sui
1744 2136 1941 2200 generis
1969 2154 2041 2184 ar-

196 2224 403 2282 tificum,
445 2223 496 2269 in
524 2228 761 2287 prytaneo
791 2221 953 2269 cibum
996 2221 1203 2285 capiat.“
1259 2220 1507 2269 Videntur
1534 2220 1653 2268 haec
1683 2220 1745 2268 ab
1774 2219 2042 2268 Athenien-

198 2306 356 2366 sibus,
385 2313 438 2353 ut
464 2306 580 2353 dicit
607 2305 866 2353 scholiasta
893 2305 953 2351 ad
981 2304 1112 2351 hunc
1139 2305 1327 2355 locuni,
1362 2322 1412 2351 re
1442 2319 1558 2350 vera
1586 2305 1850 2351 observata
1878 2302 2040 2349 fuisse.

982 2419 1081 2472 Ad
1110 2421 1261 2472 996.

342 2533 609 2596 Diogen.
639 2532 800 2580 Lacr
815 2539 846 2579 t.
877 2533 912 2591 I,
945 2534 1035 2579 55:
1065 2531 1217 2579 Solon
1242 2531 1537 2579 athletarum
1558 2530 1778 2596 praemia
1805 2529 2045 2592 castigata

201 2617 538 2664 moderatione
567 2616 804 2663 correxit:
847 2616 887 2662 ei
930 2615 1126 2679 quidem
1165 2615 1245 2679 qui
1275 2614 1506 2680 Olympia
1538 2615 1760 2671 vicisset,
1804 2613 2041 2677 quingen·

202 2708 276 2748 tas
304 2699 583 2758 drachmaS,
626 2700 852 2762 quivero
881 2699 1114 2759 Isthmia,
1159 2699 1261 2746 dari
1301 2706 1497 2746 centum
1533 2697 1809 2756 constituit3
1850 2696 2043 2744 eadem-

205 2800 296 2845 que
323 2783 510 2830 ratione
550 2783 600 2830 in
641 2782 992 2830 certaminibus
1033 2782 1222 2829 ceteris,
1275 2782 1363 2829 Est
1391 2781 1518 2829 enim
1547 2780 1815 2828 absurdum
1841 2780 2042 2827 istorum

203 2864 414 2913 honores
442 2882 650 2928 augere,
681 2865 768 2913 sed
797 2883 962 2913 eorum
991 2865 1360 2923 tantummodo,
1397 2864 1476 2927 qni
1505 2864 1554 2910 in
1581 2863 1711 2911 bello
1740 2862 2045 2911 cecidissent.

346 2947 507 2996 Schol.
535 2949 585 2995 in
618 2948 864 3013 Aristoph.
894 2947 1039 2997 Aves,
1069 2947 1197 2995 369:
1226 2943 1282 2992 τὸ
1313 2942 1533 2992 παλαιὸν
1559 2942 1679 2999 τούς
1705 2941 1895 2998 λύκους
1923 2939 2043 2989 ἀπέ-

204 3045 410 3074 κτεινον
448 3033 502 3075 ἐν
533 3027 591 3091 τῇ
626 3026 871 3092 Ἀττικῇ,
912 3032 1001 3076 καὶ
1044 3026 1198 3091 νόμος
1242 3024 1302 3086 ἦν
1343 3032 1711 3076 λυκοκτοιέἴν·
1767 3024 1845 3073 διὸ
1886 3020 1912 3074 ὖ
1947 3027 2044 3088 μὲν

205 3108 442 3171 φονεύων
480 3114 666 3159 τέκνον
705 3110 871 3160 λύκου
909 3111 1164 3160 τάλαντον
1203 3109 1518 3175 ἐλάμφάιέν,
1561 3105 1587 3158 ὁ
1618 3110 1665 3157 δέ
1705 3112 1895 3156 τέλειον
1936 3106 2044 3157 δύο.

205 3195 361 3256 (Olim
390 3195 531 3258 lupos
560 3198 854 3245 occidebant
880 3198 929 3244 in
964 3196 1144 3255 Attica,
1175 3205 1222 3244 et
1249 3197 1324 3245 lex
1353 3206 1457 3244 erat
1484 3203 1536 3243 ut
1562 3194 1900 3241 occiderentur
1926 3194 2042 3257 lupi.

205 3278 321 3328 Ideo
361 3277 440 3341 qui
478 3276 578 3341 lupi
622 3280 775 3328 fetum
816 3280 1139 3338 interhneret,
1187 3279 1420 3327 talentum
1461 3277 1758 3341 accipiebat,
1802 3278 1881 3341 qui
1928 3293 2044 3323 vero

205 3361 345 3409 annis
371 3361 645 3423 integrum,
672 3362 808 3421 duo.)
