2114 3642
239 230 341 277 558
777 238 1186 273 COMMENTARlUS
1215 237 1282 269 AD
1311 236 1416 271 1106.
1447 237 1550 271 1107.

233 372 580 422 lumniatorum
628 385 765 418 secus
818 366 1017 425 fecerit,
1071 365 1218 414 licere
1270 382 1354 413 eos
1398 365 1605 414 indicari
1657 372 1704 412 et
1743 365 1792 412 in
1833 380 2079 413 carcerem

236 456 425 505 abduci.

378 524 664 588 Charondas
705 531 977 580 calumniae
1018 532 1256 581 convictis
1295 532 1424 582 hanc
1464 547 1676 597 poenam
1713 531 1982 594 irrogavit,
2028 539 2081 578 ut

236 622 417 689 myrica
450 617 669 668 coronati
706 633 794 681 per
836 615 1008 664 urbem
1049 615 1557 670 circulnducerentur,
1600 632 1695 680 quo
1735 614 1993 663 manifeste
2021 613 2082 663 ad

234 721 474 753 summum
526 700 772 765 nequitiae
823 699 1032 762 gradum
1084 698 1194 746 illos
1236 701 1523 764 pervenisse
1564 698 1754 747 civibus
1807 704 2081 764 appareret.

234 787 511 836 Nonnullos
540 802 672 848 ergo,
703 785 765 833 ob
794 784 888 833 hoc
915 783 1154 847 flagitium
1183 784 1564 843 condemnatos,
1594 783 1723 848 quod
1752 789 1917 831 tantae
1944 782 2081 845 igno-

232 870 409 917 miniae
438 868 651 917 dedecus
680 868 898 935 perferre
926 885 1026 915 non
1053 876 1285 932 possent,
1326 869 1459 934 ipsos
1494 868 1586 916 sibi
1614 874 1789 933 sponte
1819 866 1972 915 vitam
1999 865 2082 914 ab-

231 953 421 1017 rupisse
450 952 662 1001 tradunt.
692 953 798 1001 Hac
825 953 991 1016 itaque
1020 952 1143 1015 legis
1172 953 1433 1000 severitate
1462 952 1689 999 effectum
1718 958 1805 1006 est,
1835 957 1901 1007 ut,
1931 966 2084 1014 quum

231 1036 348 1098 fuga
387 1053 446 1085 ex
486 1036 607 1084 urbe
649 1036 1004 1102 dissiparentur
1044 1037 1303 1085 calumniis
1343 1036 1551 1095 assveti,
1607 1033 1860 1100 republica
1898 1033 1959 1083 ab
2000 1032 2083 1081 illa

231 1127 367 1183 peste
395 1127 676 1185 repurgata,
704 1120 904 1168 beatam
933 1119 1166 1184 deinceps
1196 1120 1350 1167 vitam
1377 1119 1509 1167 cives
1537 1124 1754 1181 agerent.
1794 1118 1865 1177 (D
1882 1117 1896 1165 i
1913 1135 1941 1165 0
1958 1116 1986 1166 d
2004 1133 2082 1164 or.

231 1202 343 1264 XII,
375 1202 481 1263 12.)

1001 1282 1100 1336 Ad
1135 1284 1312 1336 1106.

375 1395 585 1461 Sopater
623 1397 672 1444 in
700 1395 999 1459 Hermogen.
1040 1404 1128 1444 art.
1174 1395 1298 1445 rhet.
1338 1395 1467 1443 207:
1510 1391 1604 1442 τὸν
1631 1395 1734 1458 τρὶς
1764 1392 1924 1459 ψευδῆ
1949 1411 2085 1457 μαρ-

232 1473 511 1541 τυρήσαντα
542 1473 731 1541 ἄτιμον
758 1474 901 1529 εἶναι,
945 1479 1068 1541 (Qui
1097 1487 1170 1528 ter
1199 1480 1380 1528 falsum
1408 1478 1530 1529 dixit
1556 1479 1917 1539 testimonium,
1959 1479 2084 1528 infa-

233 1563 323 1611 mis
351 1566 498 1623 esto.)

373 1646 953 1714 Theon.progymnasn1.
973 1648 1051 1695 56.
1081 1664 1186 1714 cap.
1202 1648 1341 1698 XIII:
1371 1641 1398 1694 ὁ
1427 1644 1877 1711 ψευδομαρτυριῶν
1906 1640 2083 1702 ἁλούς,

231 1731 333 1793 τρὶς
364 1732 539 1790 χιλίας
580 1727 773 1777 διδότω,
832 1731 991 1791 (Falsi
1021 1731 1288 1780 testimonii
1324 1732 1606 1793 convictus,
1647 1740 1721 1781 ter
1750 1732 1881 1782 mille
1911 1731 2084 1782 drach-

233 1832 335 1864 mas
363 1815 564 1875 solvat.)

375 1899 518 1948 Plato
546 1899 836 1965 praescribit
862 1900 911 1948 in
941 1899 1158 1964 Legibus
1198 1898 1343 1960 (937,
1374 1899 1469 1960 C):
1512 1899 1561 1949 Si
1590 1901 1696 1966 quis
1724 1901 1800 1950 bis
1829 1899 2084 1950 convictus

234 1990 306 2033 est
334 1983 442 2032 falsi
482 1985 777 2045 testimonii,
821 2003 931 2033 eum
972 1984 1106 2034 nulla
1145 1984 1355 2050 amplius
1396 1985 1475 2034 lex
1521 1985 1710 2050 cogito,
1749 1985 2084 2035 testimonium

233 2067 425 2130 dicere3
464 2068 504 2116 si
530 2075 627 2127 ter,
656 2085 717 2116 ne
746 2067 957 2133 amplius
987 2069 1028 2116 ei
1057 2068 1240 2116 licitum
1269 2075 1376 2116 esto
1405 2069 1670 2117 testificari.
1712 2068 1763 2118 Si
1792 2086 1909 2118 vero
1940 2086 2086 2117 ausus

234 2151 384 2200 fuerit
410 2151 688 2212 testificari,
731 2151 811 2215 qui
852 2151 985 2199 volet
1025 2152 1086 2199 ad
1133 2151 1477 2215 magistratum
1518 2168 1632 2200 eum
1671 2152 1890 2213 deferto,
1929 2152 2085 2215 magi-

234 2242 411 2284 stratus
453 2243 616 2285 autem
650 2235 835 2301 judicio
877 2252 987 2283 eum
1028 2235 1235 2296 tradito,
1278 2254 1306 2285 a
1334 2254 1430 2301 quo
1465 2236 1820 2286 condemnatus
1848 2236 1886 2284 si
1915 2236 2086 2296 fuerit,

233 2327 389 2369 morte
418 2318 656 2386 plectitor.

378 2403 518 2470 Lycii
545 2404 655 2453 falsi
683 2405 952 2454 testimonii
981 2404 1234 2453 convictos
1264 2404 1622 2464 divendebant,
1664 2405 1888 2470 bonaque
1919 2422 2087 2454 eorum

235 2486 567 2551 publicabant.
612 2490 687 2550 (H
706 2509 730 2539 e
747 2509 769 2539 r
786 2508 813 2539 a
829 2488 958 2538 clid
975 2506 1034 2537 es
1063 2489 1101 2536 P
1120 2508 1146 2538 o
1163 2497 1241 2538 nt.
1271 2489 1330 2537 de
1360 2490 1460 2538 reb.
1490 2490 1622 2555 publ.
1659 2491 1764 2549 15.)

380 2570 524 2637 Apud
565 2573 813 2623 Romanos
855 2590 878 2621 e
921 2573 1030 2636 lege
1071 2572 1183 2622 XII.
1224 2572 1502 2622 tabularum
1543 2573 1625 2637 qui
1664 2572 1841 2621 falsum
1870 2574 2085 2622 testimo·

236 2654 368 2702 nium
398 2655 577 2704 dixisse
616 2657 870 2706 convictus
899 2664 1053 2716 esset,
1097 2674 1119 2704 e
1150 2673 1269 2706 saxo
1297 2655 1509 2721 Tarpeio
1538 2655 1875 2721 dejiciebatur.
1916 2655 2084 2717 (Gel-

237 2735 361 2785 lius
391 2739 567 2787 Noct.
600 2738 737 2789 Ath.
768 2739 878 2800 XX,
915 2740 957 2800 1,
990 2739 1098 2797 53.)

381 2820 476 2873 Sed
518 2840 542 2870 e
584 2822 711 2871 Livii
754 2823 1032 2871 narratione
1073 2822 1189 2883 (III,
1221 2823 1302 2883 24,
1333 2823 1426 2882 29)
1456 2830 1615 2888 patet,
1652 2824 1757 2889 jam
1785 2831 1898 2872 ante
1927 2823 2086 2888 legem

239 2900 347 2950 XII.
374 2905 651 2955 tabularum
681 2905 958 2969 Volscium,
1002 2906 1135 2971 quod
1171 2907 1323 2956 falsus
1351 2908 1487 2956 testis
1515 2907 1565 2955 in
1593 2906 1869 2957 Caesonem
1897 2909 2083 2957 extitis-

241 2992 337 3043 set,
381 2998 661 3038 accusatum
691 2999 734 3039 et
762 2991 1047 3040 damnatum
1074 2990 1352 3040 Lanuvium
1380 2992 1428 3039 in
1460 2992 1660 3041 exilium
1691 2991 1916 3040 abivisse.

1009 3144 1108 3198 Ad
1140 3145 1315 3197 1107.

385 3246 666 3298 Secundum
694 3253 914 3302 Platonis
942 3255 1102 3319 Leges
1143 3254 1285 3315 (938,
1316 3254 1514 3314 Bffl-C),
1555 3253 1590 3302 si
1627 3253 1732 3317 quis
1760 3254 1925 3302 conari
1955 3252 2084 3302 vide-

241 3339 318 3380 tur
337 3333 578 3397 justitiam
608 3334 654 3380 in
675 3336 897 3398 judicum
925 3339 1096 3388 animis
1120 3339 1172 3386 in
1198 3339 1439 3386 contraria
1471 3345 1660 3386 vertere
1677 3346 1723 3385 et
1742 3339 2085 3402 intempestive

242 3415 422 3465 multas
451 3417 556 3482 ejus
596 3420 790 3478 generis
829 3420 938 3472 lites
980 3422 1234 3471 intendere
1262 3422 1342 3469 vel
1371 3423 1493 3470 alios
1520 3419 1807 3481 defendere,
1849 3422 1930 3485 qui
1958 3420 2088 3469 volet
