2114 3642
213 209 312 255 556
683 219 1090 253 coMMENTAmus
1119 215 1188 246 AD
1219 211 1318 247 1082.
1349 212 1451 248 1084.
1481 212 1586 250 1092,

209 350 385 412 Melio,
426 351 555 416 quod
587 348 909 397 Athenienses
951 346 992 393 ei
1022 343 1103 407 qui
1131 343 1270 391 illum
1297 344 1569 405 occideret,
1610 346 1854 393 talentum
1879 346 2051 394 datum

208 434 263 481 iri
306 435 466 482 edicto
509 428 970 498 pronunciaverint,
1014 433 1185 492 utpote
1226 427 1305 491 qui
1347 445 1516 476 eorum
1555 429 1791 493 mysteria
1829 429 2048 478 deridere

210 518 469 566 ferebatur.
970 580 1070 633 Ad
1129 579 1262 633 082

351 697 402 744 ln
444 694 688 741 Eleusinio
730 694 1031 742 consedebat
1068 700 1268 742 senatus
1309 691 1545 758 postridie
1598 694 1972 757 mysteriorum,
2023 711 2047 742 e

205 780 312 842 lege
340 776 550 825 Solonis.
592 777 715 825 Vide
745 773 786 842 ξ.
818 779 897 826 96.

972 881 1071 933 Ad
1096 881 1283 933 1084.

346 992 385 1039 E
414 992 719 1057 praescripto
753 991 918 1055 legum
947 991 1169 1040 Platonis
1210 992 1355 1052 (764,
1386 992 1452 1050 B)
1495 991 1588 1039 fori
1630 991 1849 1056 magistri
1891 988 2046 1058 (ἁγο-

203 1071 448 1136 ρανόμοι)
476 1074 660 1140 templa
686 1075 974 1139 fontesque,
1011 1076 1091 1140 qui
1118 1076 1169 1122 in
1196 1076 1304 1123 foro
1332 1082 1473 1134 sunt,
1515 1083 1711 1135 curent,
1751 1093 1813 1123 ne
1841 1076 1946 1140 quis
1972 1076 2044 1124 in-

195 1159 358 1222 juriae
389 1159 652 1222 quidquam
680 1159 883 1220 inferat,
911 1159 1207 1208 inferentem
1234 1166 1402 1207 autem
1428 1158 1663 1223 puniant,
1704 1158 1743 1205 si
1770 1176 1942 1206 servus
1967 1161 2048 1208 vel

201 1242 490 1307 peregrinus
516 1249 602 1302 est,
631 1241 920 1290 verberibus
950 1250 997 1291 et
1023 1241 1244 1303 vinculis,
1274 1242 1349 1290 sin
1375 1242 1625 1303 indigena,
1656 1259 1810 1306 usque
1841 1242 1902 1290 ad
1932 1260 2042 1291 cen-

201 1334 303 1374 tum
331 1326 585 1375 drachmas
624 1325 716 1390 ipsi
758 1333 1055 1390 potestatem
1096 1326 1313 1375 habeant
1352 1325 1648 1385 mulctandi,
1688 1343 1842 1389 usquc
1871 1326 1933 1374 ad
1962 1326 2045 1374 du-

200 1410 335 1474 plum
377 1426 492 1458 vero
530 1427 627 1458 una
665 1427 777 1458 cum
814 1410 950 1459 urbis
991 1410 1240 1475 magistris
1282 1405 1438 1471 (μετὰ
1469 1405 1801 1471 ἀστυνόμων)
1823 1409 2048 1475 judicent

200 1494 533 1559 mulctentque
561 1501 863 1558 peccantem.

341 1589 462 1636 Item
493 1589 635 1649 (907,
666 1588 732 1649 E)
773 1588 813 1637 si
851 1590 957 1653 quis
997 1590 1230 1655 pietatem
1271 1589 1422 1638 violat
1454 1589 1618 1637 verbis
1646 1591 1726 1638 vel
1753 1590 1922 1654 factis,
1965 1592 2045 1657 qui

198 1673 464 1721 intervenit
489 1672 749 1738 prohibeto
776 1673 1145 1737 magistratibus
1173 1674 1409 1722 indicium
1435 1673 1635 1733 faciens,
1664 1674 2043 1738 magistratuum

199 1764 362 1805 autem
389 1757 469 1821 qui
495 1757 639 1822 primi
666 1757 980 1819 resciverint,
1022 1775 1126 1806 rem
1153 1757 1215 1806 ad
1247 1757 1493 1823 judicium
1531 1756 1805 1807 deferunto.
1857 1758 1909 1807 Si
1937 1760 2044 1824 quis

198 1847 362 1888 autem
398 1840 713 1903 magistratus
754 1858 804 1889 re
846 1848 1103 1907 comperta
1141 1859 1282 1890 secus
1323 1841 1467 1902 facit,
1508 1841 1613 1906 ipse
1640 1840 1906 1906 impietatis
1935 1860 2043 1893 reus

199 1931 301 1971 esto
341 1925 477 1988 leges
515 1925 684 1973 ulcisci
724 1926 926 1975 volenti.
980 1925 1166 1992 Siquis
1192 1932 1357 1975 autem
1393 1925 1749 1975 condemnatus
1777 1935 1876 1988 est,
1909 1928 2040 1994 judi-

199 2007 325 2055 cium
352 2008 556 2070 singulis
585 2009 889 2073 singulorum
915 2011 1065 2076 impie
1094 2011 1236 2059 factis
1276 2010 1495 2073 singulas
1529 2027 1714 2075 poenas
1742 2012 2039 2062 constituito.

340 2103 525 2153 Petitus
551 2105 602 2153 in
629 2105 848 2169 Legibus
876 2105 1051 2156 Atticis
1080 2108 1140 2168 (I,
1177 2107 1219 2169 1,
1251 2107 1307 2167 6)
1336 2106 1465 2155 hanc
1494 2124 1687 2172 quoque
1716 2107 1910 2156 laudat:
1949 2104 2043 2154 τὸν

197 2179 393 2233 ἁλόντα
423 2183 719 2235 θακεύοντα
745 2191 802 2236 ἐν
827 2186 898 2251 τῷ
933 2190 1123 2251 τεμένει
1162 2186 1256 2235 τοῦ
1290 2184 1620 2243 Ἀπόλλωνος
1661 2187 1846 2238 ἑαυτὸν
1872 2189 2040 2238 αἰτιά-

199 2273 389 2317 σασθαι
415 2273 503 2318 καὶ
534 2268 796 2329 θνήσκειν.
838 2272 919 2333 (Id
947 2280 1045 2321 est:
1087 2274 1181 2333 Qui
1209 2274 1259 2321 in
1286 2273 1406 2322 aede
1435 2272 1676 2339 Apollinis
1705 2281 1931 2325 ventrem
1959 2295 2038 2326 ex-

199 2356 505 2417 oneraverit,
545 2373 596 2404 se
623 2356 783 2421 ipsum
809 2356 859 2403 in
880 2355 1067 2420 judicio
1096 2355 1310 2418 deferat,
1352 2357 1492 2421 eique
1521 2356 1700 2421 capital
1728 2358 1874 2417 esto.)

339 2451 414 2499 De
441 2450 533 2501 hac
558 2468 610 2500 re
644 2451 854 2514 legimus
896 2451 1026 2516 apud
1054 2450 1257 2499 Suidam
1295 2469 1331 2499 s.
1361 2469 1407 2500 v.
1447 2452 1502 2497 ἐν
1533 2451 1761 2515 Πυθίῳ.·
1801 2471 1912 2504 cum
1938 2457 2038 2521 qui-

198 2535 306 2583 dam
348 2533 632 2600 Apollinem
672 2541 1050 2583 contemnerent
1090 2543 1137 2583 et
1176 2536 1226 2583 in
1266 2536 1369 2601 ejus
1404 2535 1521 2585 fano
1548 2543 1772 2585 ventrem
1799 2556 2036 2590 exonera-

197 2625 330 2679 rent,
371 2618 654 2668 Pisistratus
679 2618 789 2683 lege
817 2619 917 2668 lata
945 2620 1156 2686 capitale
1194 2620 1489 2686 supplicium
1527 2620 1576 2667 in
1617 2638 1728 2669 eum
1756 2623 2036 2684 constituit,

200 2701 277 2763 qui
304 2702 355 2749 in
381 2702 473 2750 isto
503 2703 720 2752 facinore
749 2703 1218 2769 deprehenderetur.
1273 2703 1370 2753 Sed
1398 2720 1567 2751 omues
1595 2703 1643 2752 id
1672 2704 1884 2754 edictum
1910 2706 2034 2756 deri-

200 2783 394 2834 debant.
425 2814 488 2819 —
517 2786 739 2852 Populus
779 2787 925 2850 igitur
963 2804 1061 2835 non
1100 2787 1271 2835 tribuit
1313 2788 1412 2836 vim
1438 2788 1562 2851 legis
1590 2787 1750 2837 edicto
1780 2789 2035 2839 Pisistrati.

201 2866 328 2914 Hinc
354 2886 442 2918 nec
469 2877 632 2935 potest
657 2889 747 2936 pro
772 2870 880 2936 lege
911 2870 1072 2920 Attica
1098 2871 1283 2920 haberi.

960 3011 1059 3064 Ad
1083 3013 1271 3065 1092.

345 3115 592 3166 Demosth.
623 3121 734 3169 adv.
763 3121 956 3187 Leptin.
986 3123 1116 3170 498:
1158 3120 1292 3168 ἔστιν
1319 3115 1445 3183 ΰμῖν
1473 3118 1628 3185 νόμος
1655 3118 1893 3185 ἀρχαῖος,
1934 3115 2038 3171 ’ναξ

200 3197 294 3253 λῶς
334 3195 434 3245 τῶν
475 3196 771 3250 δοκούντων
813 3205 976 3264 ἔχειν·
1029 3202 1117 3253 ἐάν
1155 3224 1227 3260 τις
1263 3198 1615 3268 ὖπωσχόμενός
1654 3225 1697 3252 τι,
1738 3203 1830 3254 τὸν
1869 3205 2033 3270 δῆμον

200 3278 508 3343 ἐξαπατήσῃ)
548 3286 773 3345 κρίνειν,
811 3283 916 3335 κᾶν
944 3282 1082 3352 ἁλῷ,
1127 3285 1337 3352 θανάτῳ
1367 3287 1593 3351 ζημιοῦν.
1643 3290 1756 3349 (Est
1783 3292 1921 3341 vobis
1950 3310 2030 3341 ve-

198 3374 273 3416 tus
297 3366 401 3428 lex,
443 3385 467 3416 c
494 3367 812 3432 probatarum
849 3389 1082 3422 numero:
1123 3374 1163 3421 si
1200 3372 1305 3438 quis
1345 3372 1525 3438 aliquid
1565 3373 1832 3437 pollicitus,
1872 3392 2030 3441 popu-
