2114 3642
704 195 1111 227 COMMENTAfflcs
1138 196 1206 226 ,w
1239 195 1317 227 145.
1350 194 1431 228 147.
1465 196 1541 228 iis.
1938 184 2037 232 435

193 327 311 372 σίαν
340 319 366 371 ὁ
397 322 585 386 κῆρυξ,
628 318 732 369 οὐκ
771 320 818 367 εἴ
854 338 982 375 τινες
1022 320 1437 381 ἐξηπατήθησαν,
1481 319 1588 370 ἀλλ’
1632 322 1683 370 εἴ
1716 343 1788 378 τις
1816 324 2035 389 ἐξαπατᾷ

194 410 351 474 λέγων
380 404 407 465 ἢ
432 403 630 471 βουλήν
662 400 690 462 ἢ
718 402 894 466 δῆμον.

334 492 433 540 Ubi
457 487 675 552 ἐξαπατᾷ,
706 489 945 554 λέγωνίῖει
961 498 1076 536 sunt
1091 489 1439 554 intelligenda:
1471 489 1770 556 δημηγορῶν
1798 490 2034 554 (ἐξαπατᾷ.

332 578 417 636 (In
456 575 658 639 singulis
699 573 1019 621 concionibus
1056 590 1235 636 praeco
1265 575 1380 623 diris
1409 575 1626 624 devovet
1652 593 1753 623 non
1781 575 2032 641 (leceptOS‚

189 661 275 710 sed
302 662 441 710 illum
467 661 547 725 qui
574 658 738 707 verbis
767 658 845 706 vel
872 664 1100 706 senatum
1126 658 1206 705 vel
1234 659 1469 723 populum
1499 659 1725 724 decipit.)

968 797 1067 851 Ad
1106 799 1251 852 145.

331 909 1663 974 Aristophan.Ecclesiazusae.300-310.
1705 928 1777 957 v.:
1819 908 1946 958 Vide
1981 918 2033 958 ut

187 993 523 1060 propellamus
566 993 710 1051 istos,
765 993 846 1056 qui
888 1008 945 1040 ex
986 993 1105 1040 urbe
1148 993 1382 1053 veniunt3
1437 993 1518 1056 qui
1559 993 1755 1056 quidem
1795 993 2029 1053 antehac,

187 1095 337 1142 quum
364 1095 394 1125 u
411 1095 441 1124 n
458 1077 471 1124 i
488 1094 559 1124 cu
576 1095 624 1124 m
653 1077 726 1125 ob
744 1078 911 1125 olum
938 1077 1219 1142 acciperent
1245 1076 1307 1124 ad
1336 1076 1625 1123 concionem
1651 1076 1926 1137 venientes,
1956 1093 2028 1124 se-

185 1161 367 1209 debant
393 1159 786 1221 confabulantes,
806 1178 916 1208 cum
945 1161 1136 1208 coronis
1164 1159 1531 1208 convivalibus:
1562 1176 1692 1207 nunc
1722 1166 1885 1208 autem
1912 1177 2029 1225 prae

182 1244 326 1292 turba
352 1243 544 1292 molesti
573 1251 700 1292 sunt.
745 1243 808 1291 At
836 1245 965 1292 enim
993 1261 1143 1308 quum
1168 1243 1352 1291 archon
1370 1232 1485 1290 'erat
1514 1259 1786 1305 generosus
1815 1242 1894 1291 ille
1922 1243 2028 1309 My-

182 1328 407 1389 ronides‚
451 1345 596 1376 nemo
636 1345 781 1376 ausus
815 1328 987 1376 fuisset
1015 1345 1039 1375 e
1067 1327 1366 1391 reipublicae
1395 1326 1817 1374 administratione
1844 1338 2027 1375 merce-

183 1411 295 1459 dem
322 1411 477 1460 ferre:
517 1410 600 1459 sed
628 1412 860 1460 veniebat
890 1412 1224 1476 unusquisque
1251 1411 1300 1457 in
1329 1410 1523 1458 sacculo
1552 1410 1738 1458 habens
1765 1417 1938 1474 pot-um
1965 1411 2026 1457 si-

182 1494 280 1543 mul
308 1511 582 1560 panemque
611 1502 657 1544 et
685 1495 806 1542 duas
834 1512 1006 1559 cepas,
1037 1502 1234 1559 tresque
1263 1494 1416 1542 olivas
1447 1494 1652 1542 circiter.
1694 1495 1839 1542 Nunc
1865 1502 2029 1542 autem

181 1578 265 1626 tri
283 1579 356 1626 ob
375 1579 543 1626 olum
582 1579 804 1643 accipere
846 1578 1125 1643 postulant,
1170 1595 1318 1642 quum
1347 1577 1529 1641 aliquid
1558 1577 1786 1642 publicae
1814 1577 1881 1625 rei
1910 1577 2026 1626 faci-

181 1669 294 1723 unt⁷
334 1661 471 1726 quasi
501 1661 623 1710 viles
651 1661 876 1726 operarii.

324 1756 391 1805 Id
409 1773 498 1804 cm
539 1757 601 1804 in
628 1757 822 1805 Pluto
852 1756 952 1804 329
969 1756 1146 1804 —330.
1176 1775 1246 1805 v.:
1290 1757 1499 1821 Propter
1526 1764 1623 1805 tres
1652 1757 1825 1805 obolos
1852 1756 2025 1806 identi-

181 1839 292 1888 dem
318 1840 368 1887 in
393 1840 630 1888 concione
658 1840 738 1888 alii
766 1840 887 1889 alios
914 1840 1170 1888 trudimus.

963 1980 1062 2033 Ad
1102 1981 1243 2033 147.

322 2090 482 2140 Schol.
513 2091 827 2158 Aristophan.
864 2091 1077 2140 Acharn.
1110 2091 1236 2139 171:
1279 2087 1516 2151 διοσημία
1560 2087 1612 2135 δέ
1649 2094 1783 2137 ἐστιν
1823 2085 1848 2135 (3
1891 2089 2022 2153 παρὰ

178 2170 365 2236 καιρὸν
384 2173 596 2237 χειμών.
641 2175 931 2236 (Ostentum
960 2183 1123 2224 autem
1153 2184 1224 2224 est
1254 2175 1589 2241 inopportuna
1617 2178 1922 2241 tempestas)

966 2316 1064 2369 Ad
1101 2318 1242 2369 148.

318 2429 375 2476 In
413 2427 575 2476 locum
614 2426 717 2475 τῶν
757 2428 803 2475 δὲ
852 2425 1107 2489 προέδρων
1156 2431 1366 2481 ἕκαστος
1418 2423 1660 2486 ὀφειλέτω
1712 2423 2018 2486 τὲτταρά-

178 2530 209 2555 κ
229 2529 255 2556 0
275 2528 301 2557 ιγ’
319 2528 389 2556 τα
430 2507 658 2573 δραχμάς
677 2549 687 2567 ,
728 2512 957 2561 substitui
992 2513 1180 2573 μυρίας
1222 2508 1450 2573 δραχμάς
1478 2529 1500 2559 c
1531 2511 1813 2559 coniectura
1841 2509 2015 2558 doctis-

176 2595 283 2643 simi
311 2595 668 2644 lVestermann.
711 2595 1295 2658 (Untcrsuchungc
1316 2614 1347 2642 n
1381 2603 1413 2643 u
1429 2595 1459 2642 b
1477 2613 1499 2642 e
1519 2614 1540 2642 r
1576 2594 1674 2642 dic
1711 2594 1771 2641 in
1805 2593 1900 2641 die
1937 2601 2017 2641 at-

176 2679 439 2727 tischcn
469 2678 730 2727 Redner
757 2680 1194 2743 eingelegten
1223 2678 1447 2726 Urkun
1467 2678 1600 2725 den.
1633 2677 1838 2742 Leipzig
1869 2676 2017 2724 1850.

175 2780 222 2827 p.
251 2763 331 2810 32.
360 2763 488 2826 seq.)

318 2845 620 2893 Timocrates
649 2846 808 2910 (apud
835 2845 1088 2894 Demosth.
1120 2863 1157 2893 c.
1189 2845 1447 2893 Timocrat.
1478 2863 1523 2908 p.
1553 2844 1685 2905 708)
1712 2845 1905 2908 rogavit
1934 2844 2015 2893 dc-

177 2937 389 2977 cretum:
431 2928 742 2977 nomothetas
770 2947 874 2978 esse
904 2929 1084 2978 debere
1114 2929 1245 2976 mille
1276 2935 1322 2975 et
1351 2944 1514 2975 unum.

318 3012 416 3061 Sed
442 3019 565 3060 teste
595 3011 793 3060 Polluce
823 3012 990 3072 (VIII,
1022 3011 1148 3070 101)
1177 3010 1490 3059 nomothetac
1520 3018 1658 3059 erant
1684 3012 1830 3061 mille.

316 3096 446 3144 Hinc
473 3102 609 3160 patet
635 3112 889 3143 numerum
928 3094 1325 3144 nomothetarum
1366 3111 1464 3141 non
1497 3112 1690 3161 semper
1718 3097 1866 3144 fuisse
1896 3114 2010 3144 eun-

176 3178 312 3239 dem,
353 3186 436 3227 aut
477 3196 591 3226 vere
633 3179 722 3225 sub
764 3179 892 3227 mille
936 3178 1232 3226 nomothetis
1274 3178 1569 3241 quingentos
1608 3186 1861 3227 senatores
1902 3196 2013 3227 cum

177 3263 456 3326 quingentis
483 3262 779 3310 nomothetis
805 3262 1010 3326 intelligi
1038 3261 1232 3309 debere.
1285 3259 1566 3310 Andocides
1595 3263 1725 3311 enim
1752 3262 1841 3324 (de
1868 3269 2010 3326 myst.

178 3341 221 3409 ξ.
249 3343 483 3406 83—84)
511 3346 810 3395 mentionem
837 3346 955 3394 facit
980 3346 1364 3409 quingentorum
1391 3346 1799 3395 nomothetarum.
1841 3344 1916 3393 Cf.
1944 3345 2009 3393 le-

1643 3426 1728 3469 28²0·-
