2114 3642
869 202 1016 234 BELLI
1044 203 1186 235 JURA.
1842 187 1939 236 311

245 414 376 462 Dum
402 413 633 477 mysteria
662 411 912 460 Eleusinia
939 413 1277 472 celebrantur,
1320 413 1620 461 circumeant
1646 413 1823 462 delecti
1850 414 1942 462 viri

107 504 154 544 et
190 496 413 544 inducias
452 496 748 543 annuntient
787 512 875 559 per
914 496 1087 557 urbes,
1129 514 1190 544 ne
1225 497 1302 545 cui
1329 495 1631 545 Graecorum
1662 514 1796 545 arma
1822 496 1942 545 infe-

103 586 297 639 rantur,
335 578 420 627 sed
447 585 501 626 ut
527 578 742 643 quietem
769 585 920 641 agant
946 578 1041 627 hoc
1069 587 1304 644 tempore.

252 764 383 822 Τοῦς
420 767 653 828 τεχνίτας
691 769 783 813 καὶ
826 769 939 813 θεοὶ
979 770 1069 814 καὶ
1107 768 1327 831 βασιλεῖς
1365 770 1454 814 καὶ
1499 765 1678 823 πάντες
1704 763 1944 826 ’Έλληνες

104 850 342 914 τιμῶσιν,
384 846 654 904 δεδωκότες
681 847 770 907 τήν
795 869 846 897 τε
874 846 1095 898 ἀσυλίαν
1122 853 1212 897 καὶ
1241 848 1523 911 ἀσφάλειαν
1556 851 1675 898 πᾶσι
1715 855 1804 899 καὶ
1846 872 1941 899 πο-

104 939 259 998 λέμου
320 937 409 981 καὶ
460 930 677 995 εἰρήνης,
741 933 1265 989 κατακολουθοῦντες
1315 941 1419 990 τοῖς
1470 934 1564 982 τοῦ
1619 932 1944 992 Ἀπόλλωνος

98 1024 354 1083 χρησμοῖς.
794 1019 1058 1079 (Boeckhii
1085 1036 1216 1085 corp.
1244 1020 1388 1068 inser.
1416 1037 1462 1083 g.
1491 1020 1593 1069 Nro
1622 1020 1800 1081 3067.)

948 1128 1097 1176 1220.

246 1210 472 1259 Artifices
512 1228 540 1258 a
578 1209 668 1258 diis
707 1217 755 1258 et
781 1210 980 1274 regibus
1022 1217 1070 1258 et
1109 1210 1338 1258 omnibus
1379 1209 1582 1259 Graecis
1622 1210 1940 1273 honorantur,

105 1295 187 1359 qui
214 1294 282 1343 eis
308 1293 739 1342 inviolabilitatem
766 1300 814 1342 et
841 1293 1154 1342 securitatem
1192 1293 1241 1341 in
1282 1293 1415 1341 bello
1449 1302 1497 1343 et
1523 1311 1645 1359 pace
1673 1295 1942 1356 dederunt,

105 1377 365 1443 Apollonis
393 1377 589 1425 oracula
614 1377 781 1426 secuti.

954 1448 1104 1496 1221.

251 1528 384 1587 Τους
410 1528 620 1586 ἑκόντας
646 1533 932 1591 ληφθέντας
970 1533 1062 1577 καὶ
1095 1535 1271 1593 χεῖρας
1305 1533 1707 1594 προϊσχομένους
1733 1527 1761 1582 ὁ
1790 1531 1944 1597 νόμος

104 1620 207 1670 τοῖς
222 1611 429 1673 ’Ἕλλησι
451 1612 522 1677 μὴ
551 1616 786 1662 κτείνειν.
945 1686 1076 1735 1221
1246 1615 1548 1680 (Thucydid.
1576 1618 1665 1679 III,
1694 1620 1803 1678 58.)

246 1771 343 1831 Qui
380 1771 602 1821 volentes
642 1771 848 1820 veniunt
885 1770 935 1819 in
974 1770 1127 1836 partis
1160 1769 1391 1819 bellantis
1418 1777 1713 1836 potestatem
1739 1780 1786 1822 et
1811 1791 1943 1824 more

104 1855 383 1920 supplicum
409 1872 584 1904 manus
611 1854 897 1916 tendentes,
936 1853 1026 1902 hos
1056 1852 1361 1913 Graecorum
1385 1852 1464 1903 lex
1492 1855 1650 1905 occidi
1677 1863 1824 1906 vetat.

954 1962 1104 2012 1222.

253 2045 359 2094 Τοῦ
388 2047 674 2109 λυσαμένου
701 2049 759 2094 ἐκ
787 2043 890 2092 τῶν
915 2045 1172 2108 πολεμίων
1199 2040 1328 2092 εἶναι
1354 2042 1449 2093 τὸν
1474 2047 1715 2104 λυθέντα,
1754 2044 1844 2095 ἐὰν
1871 2044 1942 2111 μὴ

105 2127 332 2194 ἀποδιδῷ
358 2126 419 2176 τά
447 2125 614 2193 λύτρα.
878 2129 1157 2190 (Demosth.
1186 2129 1298 2179 adv.
1327 2130 1590 2180 Nicostrat.
1627 2131 1800 2191 1250.)

945 2238 1096 2287 1222.

245 2320 549 2387 Redemptus
576 2322 678 2388 ejus
706 2329 835 2383 est0,
864 2322 946 2386 qui
973 2339 1085 2371 eum
1112 2320 1172 2371 ab
1200 2321 1422 2372 hostibus
1449 2322 1679 2383 redemit,
1710 2303 1802 2371 nisi
1830 2339 1937 2388 pre-

103 2406 225 2454 tium
250 2405 528 2454 restituerit.

952 2477 1103 2526 1223.

246 2544 444 2605 Μηδενὶ
472 2549 654 2604 ἐξεῖναι
685 2543 1004 2606 Ἀθηναίων,
1034 2545 1158 2611 μηδὲ
1185 2546 1287 2595 τῶν
1315 2544 1606 2595 οἰκούντων
1633 2544 1937 2609 Ἀθήνῃσιν,

104 2628 377 2694 ἐλεύθερον
403 2630 542 2693 σῶμα
569 2632 818 2694 πρίασθαι
845 2634 925 2679 ἐπὶ
954 2629 1159 2695 δουλείᾳ
1188 2635 1248 2680 ἐκ
1273 2628 1377 2678 τῶν
1404 2625 1771 2694 ἁλισκομένων,
1813 2627 1938 2679 ἄνευ

105 2713 188 2771 τῆς
213 2713 308 2762 τοῦ
334 2716 575 2777 προτέρου
604 2711 849 2762 δεσπότου
875 2712 1085 2781 γνώμης.

716 2799 987 2861 (Plutarch.
1020 2800 1098 2850 10.
1127 2807 1303 2849 orator.
1334 2799 1416 2848 vit.
1446 2799 1660 2864 Lycurg.
1693 2800 1799 2860 12.)

247 2992 359 3042 Non
383 2991 530 3040 licere
558 2992 782 3057 cuiquam
798 2992 1089 3045 Atheniensi
1117 2999 1199 3040 aut
1227 2990 1432 3041 Athenis
1459 2990 1701 3040 habitanti
1727 2992 1938 3041 liberum

106 3092 282 3142 corpus
309 3083 505 3141 captum
520 3075 570 3123 in
586 3075 873 3124 servitutem
891 3075 1109 3125 vendere
1136 3075 1239 3124 sine
1267 3073 1443 3140 prioris
1469 3073 1653 3123 domini
1679 3092 1936 3124 consensu.

249 3267 553 3328 Πέμπουσιν
579 3264 626 3312 οἱ
654 3265 881 3326 πολέμιοι
909 3262 1108 3326 νεκρῶν
1135 3258 1398 3325 ἀναίρεσιν
1424 3261 1698 3319 αἰτοῦντες.

1173 3346 1446 3408 (Plutarch.
1474 3346 1655 3412 Agesil.
1687 3347 1791 3406 19.)
