2114 3642
534 228 941 260 COMMENTARIUS
971 227 1035 258 An
1068 223 1170 261 1347.
1203 225 1305 261 1349.
1337 225 1438 260 1351.
1800 217 1894 264 601

66 354 212 403 modo
240 355 484 403 restitutit.
540 354 699 403 Avum
727 370 843 402 vero
870 354 980 403 ideo
1014 355 1172 419 posuit
1201 355 1249 403 in
1277 355 1448 404 ordine
1477 355 1761 407 elocationis
1789 367 1900 409 ante

66 437 296 497 fratrem,
338 438 450 502 quia
478 438 602 486 forte
631 436 807 485 seniori
834 437 944 501 plus
972 438 1285 486 tribuendum
1314 439 1508 503 putavit
1535 456 1679 503 quam
1701 441 1900 506 juniori.

209 530 384 580 Cf.He
402 551 424 580 r
439 550 575 580 man
595 532 683 580 nii
705 532 828 597 juris
858 532 1112 581 domestici
1142 540 1189 581 et
1217 533 1469 583 familiaris
1497 535 1627 599 apud
1642 535 1901 585 Platonem

64 614 114 662 in
143 615 357 679 Legibus
384 632 493 663 cum
522 615 699 664 veteris
728 615 966 665 Graeciae
1007 617 1153 681 inque
1184 618 1352 681 primis
1383 617 1683 666 Athenarum
1710 619 1899 667 institua

65 698 125 746 tis
154 699 584 764 comparationem.
626 698 907 765 (Marburgi
939 699 1115 757 1836.)

206 781 353 846 Apud
380 780 800 831 Lacedaemonios
840 784 966 847 patri
1007 781 1154 831 filiam
1192 788 1514 847 paternorum
1548 784 1792 833 bonorum
1819 785 1900 835 hen

67 864 235 913 redem
262 864 500 924 futuram,
542 865 743 915 cuilibet
782 867 832 913 in
871 866 1231 915 matrimonium
1271 865 1514 914 collocare
1542 866 1748 927 lIcebat3
1788 874 1835 915 et
1862 868 1901 916 si

65 956 204 1012 pater
229 955 449 997 mortuus
479 949 651 998 fuisset
678 950 963 1009 intestatus,
1007 957 1090 999 aut
1116 967 1215 998 non
1244 950 1565 1015 expressisset
1594 957 1901 1011 testamento,

65 1031 141 1079 cui
170 1031 320 1080 filiam
347 1049 487 1080 suam
521 1032 766 1081 collocare
807 1033 982 1093 vellet,
1025 1049 1172 1096 quem
1209 1032 1436 1081 heredem
1477 1032 1777 1098 reliquisset,
1822 1033 1902 1082 hic

64 1114 140 1162 cui
168 1114 317 1163 vellet
343 1114 636 1164 collocabat.
677 1114 1043 1175 (Aristotel.
1081 1116 1270 1164 Polit.
1300 1116 1361 1177 II,
1393 1116 1437 1177 6,
1474 1115 1580 1175 11.)

205 1197 509 1247 ‹Iudicabant
536 1216 653 1248 vero
681 1216 822 1264 reges
851 1200 910 1248 de
932 1200 1125 1261 virgine
1153 1206 1471 1265 paternorum
1500 1200 1718 1249 omnium
1742 1200 1898 1249 bono-

63 1297 170 1328 rum
198 1279 403 1340 herede,
446 1282 522 1330 cui
549 1282 634 1330 illa
661 1282 845 1331 nubere
873 1281 1102 1342 deberet,
1144 1282 1233 1330 nisi
1267 1283 1373 1346 jam
1399 1299 1428 1331 a
1453 1289 1595 1347 patre
1623 1283 1792 1332 fuisset
1815 1282 1896 1332 de-

63 1371 308 1427 sponsata.
350 1366 425 1425 (H
441 1382 464 1414 e
482 1383 504 1413 r
520 1384 547 1414 o
565 1366 594 1414 d
611 1372 686 1413 ot.
716 1364 800 1424 VI,
831 1364 938 1422 57.)

829 1503 928 1556 Ad
954 1505 1143 1557 1349.

202 1614 455 1664 Demosth.
484 1615 534 1662 in
563 1615 818 1663 Neaeram.
850 1613 1016 1661 1386:
1062 1609 1131 1659 Τὸ
1173 1618 1436 1660 συνοικεῖν
1469 1611 1610 1660 τοῦτ’
1639 1616 1803 1671 ἐστὶν,
1846 1609 1901 1670 ὂς

61 1692 127 1743 ἄν
165 1694 517 1753 παιδοποιῆται
565 1698 654 1742 καὶ
693 1692 869 1761 εἰσάγῃ
911 1694 980 1750 εἴς
1018 1714 1069 1742 τε
1109 1692 1229 1751 τούς
1268 1693 1526 1758 φράτορας
1564 1699 1654 1743 καὶ
1684 1694 1901 1760 δημότας

60 1776 180 1834 τούς
207 1780 353 1836 υἱεῖς,
393 1781 482 1825 καὶ
521 1775 609 1832 τοὶς
653 1781 934 1843 θυγατέρας
973 1776 1160 1842 ἐκδιδῷ
1203 1773 1267 1834 (ὃς
1295 1773 1458 1827 αὑτοῦ
1490 1773 1646 1835 οὔσας
1672 1786 1775 1835 τοῖς
1803 1777 1899 1828 ἆν-

63 1860 250 1926 δράσιν.
296 1859 395 1916 Τὰς
421 1859 516 1928 γάρ
544 1867 793 1927 γυναῖκας
823 1861 1008 1924 ἔχομεν
1034 1865 1183 1909 ἕνεκα
1210 1861 1303 1910 τοῦ
1334 1861 1745 1910 παιδοποιεῖσθαι
1773 1880 1899 1929 γνη-

62 1948 176 2001 σίως
215 1948 305 1992 καὶ
344 1944 446 1993 τῶν
479 1930 640 1992 ε’νδον
666 1945 881 2005 φύλακα
908 1942 1088 2002 πιστὴν
1116 1946 1268 2006 ἔχειν.
1322 1950 1345 2007 (
1349 1947 1542 1996 Habere
1570 1948 1620 1995 in
1648 1948 1897 1997 matrimo-

61 2033 142 2080 nio
170 2032 263 2079 hoc
291 2038 388 2090 est,
429 2031 467 2079 si
495 2031 601 2096 quis
644 2031 823 2079 liberos
852 2031 1055 2096 suscipit
1082 2039 1128 2079 et
1156 2049 1303 2095 quum
1331 2031 1392 2080 ad
1420 2032 1677 2096 phratoras
1706 2038 1811 2078 tum
1837 2031 1900 2079 ad

62 2116 281 2163 demotas
307 2114 572 2164 introducit
599 2114 752 2173 filios,
794 2121 840 2162 et
866 2115 991 2162 filias
1019 2132 1108 2179 pro
1136 2115 1234 2161 suis
1260 2121 1471 2179 nuptum
1498 2115 1668 2162 elocat.
1709 2114 1900 2162 Uxores

62 2199 190 2246 enim
230 2197 464 2246 habemus
503 2205 706 2263 propter
744 2197 988 2260 ingenuos
1028 2197 1210 2245 liberos
1250 2197 1588 2263 suscipiendos
1629 2204 1676 2244 et
1703 2196 1899 2245 fidelem

62 2282 129 2331 rei
157 2281 407 2330 familiaris
435 2279 747 2339 custodiam.)

204 2364 549 2414 Aristotel.
589 2363 792 2411 Ethic.
835 2362 1073 2411 Nicom.
1116 2361 1252 2423 VIII,
1299 2362 1374 2424 12,
1416 2361 1474 2409 7:
1520 2362 1758 2410 Homines
1797 2379 1898 2410 non

61 2447 218 2495 solum
245 2447 306 2496 ad
334 2446 664 2512 procreandos
690 2446 871 2494 liberos
912 2446 1159 2493 communi
1192 2445 1336 2494 domo
1364 2452 1594 2505 utuntur,
1635 2445 1721 2494 sed
1749 2444 1898 2492 etiam

62 2538 114 2579 ut
141 2548 309 2579 eorum
336 2547 459 2595 quae
486 2530 547 2578 ad
574 2530 727 2578 vitam
754 2529 1027 2594 pertinent,
1069 2529 1306 2594 majorem
1346 2528 1561 2577 habeant
1600 2528 1896 2577 facultatem.

62 2613 236 2663 Statim
265 2613 395 2661 enim
421 2611 664 2678 descripta
690 2630 746 2660 ac
774 2611 928 2660 divisa
955 2618 1068 2659 sunt
1101 2628 1272 2660 eorum
1310 2612 1496 2672 officia,
1537 2612 1758 2675 aliaeque
1785 2617 1898 2658 sunt

61 2698 179 2757 viri,
219 2696 340 2744 aliae
382 2696 547 2745 uxoris
586 2703 765 2761 partes.
818 2695 1098 2744 Inserviunt
1124 2695 1274 2759 igitur
1300 2696 1423 2744 alter
1449 2695 1613 2756 alteri,
1655 2712 1742 2744 sua
1766 2702 1894 2744 uter-

61 2797 153 2848 que
182 2783 231 2828 in
258 2795 514 2829 commune
542 2779 862 2828 conferentes.

833 2917 932 2971 Ad
956 2919 1131 2972 1351.

201 3031 344 3094 Diog.
374 3030 533 3078 Laert.
562 3028 679 3076 dicit
715 3028 906 3077 ibidem
937 3028 1188 3077 decretum
1227 3029 1319 3076 hoc
1354 3029 1521 3076 tulisse
1549 3026 1891 3085 Athenienses,

61 3132 211 3179 quum
237 3113 378 3163 bellis
405 3129 462 3161 ac
488 3112 567 3161 lue
594 3112 782 3160 civibus
804 3111 1093 3161 exhaustam
1120 3112 1367 3160 civitatem
1395 3128 1623 3177 reparare
1651 3112 1893 3162 sobolem-

60 3216 152 3264 que
182 3199 394 3247 excitare
420 3196 617 3246 vellent.

202 3291 351 3358 Apud
390 3291 808 3340 Lacedaemonios
846 3291 1102 3356 Lycurgus
1141 3291 1360 3356 permisit
1398 3292 1528 3354 seni,
1571 3291 1652 3356 qui
1690 3304 1891 3338 uxorem

52 3377 289 3444 juvenem
314 3375 556 3436 habebat,
585 3374 624 3423 si
653 3391 798 3438 quem
824 3374 1144 3428 honestorum
1171 3392 1228 3425 ac
1253 3375 1430 3428 virtute
1457 3374 1791 3441 praeditorum
1811 3372 1891 3437 ju-
