2161 3673
690 251 1051 286 MAGISTRATUS
1075 253 1312 287 POLITICI.
1851 238 1915 284 59

938 380 1053 428 221.

223 464 424 528 Legati,
452 470 717 529 postquam
744 463 980 527 suffragio
1008 463 1178 528 populi
1205 463 1348 513 electi
1375 463 1580 524 fuerint,
1624 462 1806 512 adeant
1844 480 1915 512 se·

84 558 277 610 natum,
306 554 359 596 ut
384 546 630 612 accipiant
657 545 869 596 abeundi
897 553 1205 611 potestatem.

227 734 331 784 Τὸν
356 732 694 798 πρεσβευτήν,
722 732 952 797 λαβόντα
980 732 1113 799 παρα
1143 735 1234 783 τοῦ
1265 738 1451 798 ταμίου
1478 732 1539 781 τα
1566 733 1766 795 ἐφόδια,
1794 730 1915 797 ἄχρι

82 820 181 872 τῶν
207 817 482 883 τριάκοντα
510 812 709 881 ἡμερῶν
735 821 966 876 ἐξελθεῖν
991 821 1071 866 ἐπὶ
1098 816 1192 876 τήν
1219 819 1502 882 πρεσβείαν.

746 902 1041 963 (Marcellin.
1068 904 1117 952 in
1144 903 1445 966 Hermogen.
1473 911 1583 952 stat.
1612 903 1770 964 275.).

938 1014 1054 1063 222.

220 1097 440 1162 Legatus
466 1106 670 1164 accepto
699 1116 728 1146 a
753 1098 1003 1164 praefecto
1030 1097 1203 1147 aerarii
1231 1097 1438 1158 viatico,
1479 1097 1820 1163 proficiscatur
1845 1097 1914 1145 in-

80 1187 153 1230 tra
177 1179 379 1243 triginta
405 1181 509 1231 dies
534 1181 596 1231 ad
621 1181 937 1247 legationem.

934 1274 1052 1322 223.

223 1354 371 1404 Μετοὶ
399 1354 492 1414 τήν
518 1358 787 1420 πρεσβείαν
825 1361 1035 1412 ἕκαστος
1060 1355 1165 1404 τοῖν
1192 1358 1443 1420 πρέσβεων
1468 1354 1697 1413 εὐθύνας
1724 1356 1911 1405 δίδωσι.

220 1441 491 1508 (Anonymi
518 1457 704 1506 argum.
731 1442 782 1490 in
807 1441 1062 1491 Demosth.
1089 1449 1208 1491 orat.
1237 1442 1296 1492 de
1328 1442 1432 1493 fals
1461 1442 1607 1506 legat.
1624 1441 1771 1502 338.)

937 1551 1052 1600 223.

218 1635 338 1684 Post
362 1634 663 1699 legationem
688 1635 869 1699 singuli
896 1634 1046 1699 legati
1074 1635 1317 1685 rationem
1343 1634 1568 1685 reddunt.

935 1742 1053 1791 224.

219 1821 361 1887 Πρὸς
386 1822 482 1882 τήν
505 1822 704 1889 βουλὴν
730 1827 810 1873 ἐπὶ
837 1826 1137 1885 κεφαλαίων
1161 1821 1255 1882 τὴν
1280 1824 1554 1888 πρεσβείαν
1580 1820 1914 1890 ἀπαγγέλλειν

76 1905 195 1963 τούς
221 1909 468 1972 πρέσβεις·
510 1905 603 1958 ἐὰν
642 1908 690 1955 δὲ
731 1911 823 1955 καί
862 1913 966 1964 τοῖς
1004 1904 1174 1974 λόγοις
1212 1910 1302 1955 καὶ
1341 1906 1403 1970 τῇ
1435 1908 1595 1955 πίστει
1622 1900 1747 1954 ὦσιν
1773 1900 1913 1965 ἄξιοι

76 1989 161 2049 τῆς
187 1992 401 2049 πόλεως,
443 1990 761 2053 στεφανῶσαι
804 1989 1004 2039 θαλλοῦ
1046 1994 1283 2056 στεφάνῳ
1321 1994 1541 2039 ἕκαστον
1578 1991 1670 2037 καί
1704 1991 1914 2038 καλέσαι

78 2076 157 2122 ἐπὶ
196 2071 403 2123 δεῖπνον
455 2076 522 2131 εἰς
559 2071 617 2122 τὸ
659 2080 975 2138 πρυτανεῖον.
1039 2069 1250 2122 ’Ἔπειτα
1288 2070 1626 2141 ἀπαγγέλλειν
1662 2071 1757 2132 τῆν
1795 2091 1914 2136 πρε-

80 2158 257 2220 σβείαν
282 2161 337 2207 ἐν
361 2156 432 2222 τῷ
460 2156 617 2222 δήμῳ.
1425 2160 1432 2170 Χ

569 2228 828 2294 (Aeschin.
857 2230 917 2280 de
946 2231 1074 2280 male
1100 2238 1224 2294 gest.
1254 2232 1401 2295 legat.
1430 2227 1472 2296 §.
1503 2231 1567 2277 45
1591 2228 1771 2290 —47.).

933 2338 1048 2388 224.

218 2421 394 2484 Legati
432 2421 564 2487 apud
603 2430 830 2471 senatum
868 2421 1031 2488 capita
1062 2423 1324 2486 legationis
1352 2428 1617 2486 exponant.
1671 2417 1722 2468 Si
1750 2426 1913 2468 autem

77 2512 125 2553 et
151 2504 433 2569 eloquentia
458 2512 507 2553 et
533 2504 629 2554 fide
662 2521 713 2554 se
756 2505 1010 2570 republica
1047 2505 1226 2570 dignos
1268 2503 1615 2573 praebuerint,
1654 2501 1912 2567 unusquis-

76 2603 169 2652 que
196 2604 362 2637 eorum
402 2605 568 2637 sacrae
606 2588 744 2638 oleae
784 2605 966 2638 corona
1005 2595 1209 2638 ornetur
1251 2594 1299 2636 et
1331 2585 1391 2636 ad
1419 2602 1627 2635 coenam
1651 2583 1702 2634 in
1730 2584 1914 2635 curiam

76 2669 320 2720 invitetur.
373 2669 565 2720 Deinde
592 2670 853 2735 legationis
880 2678 991 2720 acta
1017 2671 1150 2737 apud
1177 2670 1419 2737 populum
1445 2676 1770 2735 exponantur.

215 2857 498 2923 Αἱροῦνται
526 2857 600 2923 τῷ
626 2856 767 2922 νόμῳ
795 2857 1048 2909 σύνδικοι.

935 2933 1218 2993 (Demosth.
1247 2932 1357 2981 adv.
1387 2931 1580 2996 Leptin.
1610 2932 1770 2992 501.).

935 3040 1050 3087 225.

214 3122 511 3185 Deliguntur
537 3123 756 3187 syndici,
798 3123 878 3188 qui
906 3123 1003 3186 legi
1030 3123 1414 3188 patrocinentur.

937 3231 1055 3278 226.

217 3308 308 3368 M»)
351 3315 532 3369 ἐξεῖναι
575 3306 676 3360 ’ὑπὸ
718 3313 806 3362 τοῦ
851 3311 1013 3375 δήμου
1044 3315 1478 3374 χειροτονηθέντα
1520 3316 1695 3361 πλεῖον
1724 3309 1751 3370 ἢ
1778 3310 1910 3371 ἅπαξ

75 3391 387 3452 συνδικῆσαι.
933 3395 1212 3457 (Demosth.
1241 3396 1348 3447 adV.
1378 3399 1576 3464 Leptin.
1609 3399 1767 3458 503).
