2161 3673
655 221 881 253 MAGISTR
893 221 1015 253 ATUS
1041 221 1377 254 MERCATORH.
1851 206 1927 254 ¹77

98 347 385 397 ministrant.
438 346 701 410 Eliguntur
738 354 902 396 autem
940 354 1068 396 sorte
1108 348 1323 412 quinque
1349 348 1397 395 in
1427 348 1682 397 Piraeeum
1709 355 1758 397 et
1782 349 1922 413 quin-

98 447 192 495 que
219 431 270 480 in
297 429 482 480 urbem.

955 501 1072 551 307.

241 584 398 631 Δυοῖν
422 579 620 630 τούτων
658 584 1002 645 ἐπιμελεῖσθαι
1028 580 1147 639 τούς
1173 580 1526 650 ἀγορανόμους
1543 619 1555 640 ,
1595 581 1678 640 τῆς
1704 602 1756 631 τε
1782 586 1837 632 ἐν
1861 581 1921 645 τῇ

96 662 258 732 ἀγορᾷ
286 668 558 729 ἐυκοσμίας
582 668 674 713 καὶ
700 663 793 713 τοῦ
825 663 1070 730 ἀψευδεῖν
1090 663 1161 729 μή
1186 664 1356 730 μόνον
1380 663 1500 722 τούς
1526 664 1922 730 πιπράσκοντας,

95 745 226 796 ἀλλὰ
255 751 346 797 καὶ
370 746 491 803 τούς
517 745 851 810 ὠνουμένους.
989 750 1220 811 (Suidast
1246 746 1381 796 κατὰ
1408 746 1503 806 τὴν
1527 745 1783 815 ἀγοράν.)

236 926 351 976 Fori
378 934 626 976 curatores
653 926 773 976 duas
800 927 886 976 has
920 944 996 976 res
1035 934 1232 987 curent,
1271 935 1324 975 ut
1352 935 1400 976 et
1425 928 1588 977 omnia
1614 927 1846 978 decenter
1870 928 1922 976 in

95 1010 202 1060 foro
229 1010 377 1071 fiant,
417 1017 465 1060 et
500 1017 555 1059 ut
591 1017 691 1059 tam
729 1018 976 1076 emptores
1016 1028 1164 1076 quam
1189 1009 1470 1060 venditores
1497 1029 1525 1061 a
1550 1012 1807 1061 mendacio
1836 1011 1920 1061 ab·

94 1092 320 1142 stineant.

952 1165 1067 1213 308.

227 1241 386 1309 Ἀρχὴ
412 1250 546 1295 ἐστιν
574 1241 598 1305 ἧ
627 1244 729 1294 τῶν
748 1245 1092 1309 μετρονόμων.
1145 1247 1258 1293 Εἰσὶ
1286 1243 1335 1293 δὲ
1362 1243 1456 1294 τὸν
1490 1242 1720 1309 ἀριθμὸν
1760 1245 1915 1296 δεκα-

94 1330 263 1386 πέντε,
303 1331 372 1384 εἰς
403 1332 501 1392 μὲν
538 1326 632 1377 τὸν
657 1327 875 1392 Πειραιᾶ
916 1327 1067 1386 δέκα,
1109 1331 1253 1377 πέντε
1292 1327 1336 1376 δ’
1364 1330 1435 1384 εἰς
1473 1324 1626 1377 ἄστυ·
1668 1332 1843 1391 έχουσι
1871 1329 1920 1379 δὲ

91 1408 185 1469 τήν
207 1415 489 1474 ἐπιμέλειαν
515 1408 647 1467 ὅπως
673 1409 850 1459 δίκαια
875 1410 950 1469 εἴη
975 1409 1037 1459 τοὶ
1057 1415 1215 1475 μέτρα
1240 1410 1344 1460 τῶν
1369 1410 1691 1462 πωλούντων.

1019 1496 1402 1562 [Harpocratio:
1425 1495 1779 1560 μετρονόμοι).

945 1591 1061 1640 308.

232 1661 476 1712 Mensuris
514 1662 751 1729 praefecti
796 1663 1111 1726 magistratus
1164 1663 1392 1713 existunt.
1450 1663 1575 1713 Sunt
1613 1672 1776 1714 autem
1825 1684 1912 1715 nu-

88 1761 223 1794 mero
263 1746 565 1811 quindecim3
615 1744 781 1795 decem
819 1747 868 1794 in
907 1746 1146 1807 Piraeeo,
1186 1747 1401 1812 quinque
1440 1748 1490 1796 in
1529 1749 1678 1809 urbe,
1718 1757 1912 1799 curant-

90 1846 183 1895 que
210 1836 263 1879 ut
287 1846 546 1879 mensurae
572 1829 892 1878 vendentium
909 1829 1073 1894 justae
1099 1829 1209 1878 sint.

950 1938 1065 1987 309.

222 2012 303 2065 ‘H
319 2014 421 2065 τῶν
441 2014 774 2080 μετρονὸμων
800 2016 930 2083 ἀρχὴ
958 2016 1183 2083 κληρωτή
1212 2022 1326 2069 ἐστι.

917 2105 1142 2167 (Bekker
1168 2105 1352 2156 Aneod.
1378 2122 1450 2169 gr.
1478 2106 1514 2155 Ι.
1542 2124 1587 2172 p.
1618 2106 1774 2167 278.)

230 2280 469 2330 Mensuris
496 2282 862 2347 praefectorum
886 2285 1202 2348 magistratus
1230 2290 1361 2333 sorte
1388 2291 1592 2335 creatur.

230 2472 580 2535 Προμετρηταὶ
607 2466 852 2537 ἄρχοντες
883 2471 1134 2522 ἐνιαύσιοί
1172 2474 1329 2531 εἰσιν,
1371 2474 1417 2521 οἱ
1443 2470 1516 2539 τῴ
1544 2473 1729 2539 δικαίῳ
1750 2479 1914 2543 μέτρῳ

88 2551 468 2616 διαμετροῦντες
493 2553 551 2602 w*
581 2550 764 2620 ὄσπρια
789 2561 878 2604 καὶ
904 2555 1025 2613 τούς
1051 2555 1242 2621 πυρούς
1267 2562 1323 2605 ἐν
1347 2556 1406 2619 τῇ
1434 2555 1606 2623 ἀρορᾷ.

914 2643 1138 2702 (Bekker
1166 2642 1351 2692 Anecd.
1378 2659 1447 2706 gr.
1475 2644 1510 2691 Ι.
1539 2662 1584 2708 p.
1614 2645 1769 2705 290).

227 2829 609 2880 Antemensores
648 2840 763 2881 sunt
800 2833 1116 2898 magistratus
1165 2832 1343 2891 annui,
1397 2833 1476 2896 qui
1509 2833 1645 2898 justa
1682 2852 1911 2885 mensura

86 2911 402 2962 dimetiuntur
426 2913 477 2961 in
504 2914 611 2962 foro
635 2915 885 2978 legumina
910 2925 958 2965 et
983 2917 1235 2966 frumenta.

941 3023 1002 3072 31
1016 3024 1056 3072 1.

226 3101 578 3164 Σιτοφύλακές
606 3106 734 3153 εἰσιν
773 3102 1014 3170 ἄρχοντες
1052 3108 1324 3169 κληρωτοι“
1364 3100 1508 3156 οὗτοι
1535 3107 1580 3156 δ’
1606 3110 1908 3174 ἐπιμελοῦν-

84 3204 164 3233 ται
191 3183 322 3243 ὅπως
348 3181 376 3235 ὅ
405 3193 538 3243 σῖτος
563 3186 771 3246 δικαίως
798 3188 1108 3254 πραθήσεται
1142 3192 1230 3237 καὶ
1258 3187 1318 3237 τά
1348 3185 1537 3251 ἄλφιτα
1565 3197 1655 3242 καὶ
1686 3195 1731 3242 οἱ
1761 3190 1906 3258 ἄρτοι

84 3266 215 3315 κατά
244 3267 330 3325 τοὶς
357 3264 629 3333 ὤρισμένας
654 3271 801 3334 τιμάς
827 3277 916 3320 καὶ
943 3270 1038 3320 τὸν
1064 3271 1312 3335 σταθμόν.

907 3356 1131 3417 (Bekker
1159 3356 1338 3408 Aneed.
1365 3376 1437 3423 gr.
1466 3361 1500 3409 Ι.
1530 3379 1576 3425 p.
1606 3361 1762 3419 300.)
