2114 3642
666 236 1072 269 COMMENTARIUS
1099 238 1167 268 An
1200 233 1304 268 1023.
1333 233 1436 269 1019.
1868 222 1971 269 547

897 359 996 412 Ad
1028 361 1200 415 1019.

270 469 514 521 Aelian.
555 469 694 519 Var.
736 470 896 519 Hist.
939 471 997 532 V,
1043 472 1132 519 18:
1186 470 1448 520 Senatores
1489 469 1765 536 Areopagi,
1820 488 1969 535 quum

131 554 406 602 veneficam
433 553 681 618 quandam
708 553 1109 618 prehendissent,
1150 562 1196 602 et
1237 572 1346 604 eam
1371 555 1514 603 morti
1541 554 1732 603 tradere
1760 555 1970 610 vellent,

129 655 230 686 non
258 638 392 702 prius
419 638 578 702 ipsam
602 637 967 698 interemerunt,
996 655 1143 701 quam
1171 645 1363 702 partum
1393 638 1635 686 edidisset.
1669 638 1793 686 Nam
1823 655 1972 701 quum

133 720 544 784 prehenderetur,
581 737 863 785 praegnans
892 728 1009 768 erat.
1062 720 1326 769 Innoxium
1351 721 1516 784 itaque
1545 721 1780 768 infantem
1810 720 1970 767 absol-

129 810 299 852 ventes
327 820 356 851 a
382 803 722 864 damnatione,
765 820 898 865 eam,
942 821 1065 867 quae
1095 803 1290 868 culpam
1316 803 1604 864 admiserat,
1634 804 1789 851 solam
1815 810 1970 851 morte

129 887 439 936 mulctarunt.

270 969 502 1019 Similiter
529 969 661 1035 apud
688 970 962 1031 Romanos,
1004 978 1337 1035 praegnantes
1378 986 1535 1035 neque
1563 971 1779 1034 torqueri
1809 987 1971 1034 neque

129 1052 388 1102 damnatae
418 1054 581 1102 necari
608 1054 701 1101 nisi
718 1062 827 1119 post
855 1054 1036 1102 editum
1065 1061 1261 1119 partum
1289 1060 1531 1118 poterant.
1561 1053 1621 1112 (J
1638 1054 1755 1100 ulii
1784 1054 1971 1101 Pauli

128 1134 300 1184 Sent.
330 1137 365 1197 I,
395 1137 464 1185 tit.
497 1136 575 1198 12,
607 1140 679 1194 5.)

890 1205 989 1258 Ad
1013 1206 1203 1258 1023.

272 1302 402 1352 Hinc
430 1311 662 1369 apparet,
688 1305 772 1368 jus
800 1306 923 1370 asyli
950 1323 1050 1353 non
1079 1304 1323 1370 profuisse
1350 1303 1469 1365 illis,
1503 1320 1624 1369 quos
1644 1305 1748 1370 jam
1775 1311 1969 1353 senten=

126 1387 193 1435 tia
213 1386 434 1451 judicum
462 1386 823 1435 condemnavit.

270 1468 581 1534 Ubicumque
636 1471 786 1533 igitur
825 1469 884 1518 de
925 1470 1185 1519 securitate
1227 1469 1288 1517 ad
1339 1470 1533 1534 asylum
1584 1472 1970 1536 confugientium

127 1552 311 1600 mentio
340 1553 419 1612 fit,
461 1570 518 1601 ea
550 1569 743 1618 semper
770 1553 830 1603 de
859 1550 1258 1617 delinquentibus
1286 1552 1507 1602 nondum
1534 1554 1870 1604 condemnatis
1899 1564 1973 1604 est

125 1635 459 1701 intelligenda.

268 1719 397 1779 Quia
423 1720 484 1768 ab
513 1721 660 1787 asylis
688 1721 935 1769 neminem
962 1724 1091 1781 (non
1119 1721 1524 1781 condemnatum)
1564 1721 1743 1771 licebat
1769 1723 1815 1770 vi
1843 1723 1969 1772 abri-

126 1822 270 1871 pere,
299 1813 352 1852 ut
378 1814 541 1853 tamen
570 1811 883 1865 arcerentur,
925 1805 1089 1868 ignem
1116 1804 1475 1865 admovebant,
1512 1813 1656 1869 atque
1686 1806 1751 1853 ita
1778 1823 1876 1854 non
1905 1806 1966 1853 ab

125 1887 428 1949 hominibus,
457 1887 542 1937 sed
570 1907 598 1937 a
626 1888 717 1937 deo
746 1889 963 1936 amoveri
992 1889 1348 1950 credebantur,
1390 1897 1442 1937 ut
1470 1889 1586 1937 dicit
1613 1889 1877 1937 scholiasta
1905 1891 1966 1938 ad

127 1973 345 2039 Euripid.
388 1972 623 2021 Androm.
664 1970 799 2020 257:
853 1971 974 2026 ἔθος
1017 1966 1078 2029 ἦν
1115 1978 1218 2026 τοῖς
1258 1973 1327 2025 εἰς
1365 1969 1545 2035 βωμόν
1583 1970 1968 2038 καταφεύγουσι

127 2053 226 2119 πῦρ
254 2059 565 2119 προσφέρειν.

268 2139 472 2208 Asylum
512 2149 676 2190 autem
717 2141 1077 2207 praebuerunt:
1126 2139 1402 2201 Theseum,
1443 2140 1693 2189 Minervae
1733 2142 1970 2206 templum

124 2223 174 2271 in
202 2240 338 2285 arce,
379 2224 637 2273 Furiarum
676 2224 942 2289 templum,
987 2222 1086 2273 Ara
1113 2223 1505 2285 Misericordiae,
1549 2224 1673 2272 aliae
1713 2225 1829 2272 item
1857 2242 1968 2273 arae

127 2314 174 2354 et
200 2314 390 2356 statuae
419 2308 634 2357 deorum.

270 2390 431 2440 Schol.
459 2392 522 2439 vin
562 2390 814 2457 Aristoph.
856 2390 1013 2455 Equit.
1058 2390 1218 2439 1312:
1260 2391 1329 2444 εἰς
1367 2386 1424 2436 τὸ
1458 2392 1690 2448 Θησεῖον·
1733 2389 1964 2438 ἐνταῦθα

128 2472 173 2518 οἱ
214 2470 625 2539 καταφεύγοντες
666 2472 766 2520 τῶν
808 2472 1025 2520 οἰκετῶν
1067 2470 1288 2520 ἀσυλίαν
1327 2469 1486 2533 εἶχον.
1527 2502 1593 2508 ——
1646 2475 1729 2528 Εἰς
1769 2471 1825 2520 τὸ
1868 2472 1968 2521 τῶν

120 2552 373 2620 Ἐρινύων
401 2556 561 2620 ἱερὸν·
602 2561 689 2604 καὶ
719 2557 951 2605 ἐνταῦθα
982 2559 1029 2603 οἱ
1058 2559 1253 2605 οἰκέται
1284 2558 1518 2624 ἔφευγον.

269 2642 470 2692 Diodor.
500 2641 647 2691 Sicul.
686 2642 770 2704 IV,
801 2643 881 2705 62,
911 2644 968 2690 4:
1009 2644 1210 2702 τέμενος
1255 2636 1448 2689 ἄσυλον
1491 2642 1732 2698 ἐποίησαν
1772 2645 1826 2688 ἐν
1866 2648 1969 2696 ταῖς

120 2721 372 2781 ”Αθή’ναις
399 2721 455 2771 τὸ
485 2723 988 2791 προςαγορευόμενον
1021 2728 1241 2782 Θησεῖον.

269 2808 485 2874 Hesych.
531 2811 837 2866 Θησεῖον·
880 2806 1002 2864 νεώς
1034 2812 1247 2866 Θησέως,
1278 2813 1358 2869 ἐφ’
1387 2802 1448 2856 ὃν
1477 2810 1522 2855 οἱ
1552 2805 1964 2873 ἀποδιδράσκον*

127 2911 202 2947 τες
229 2895 564 2958 κατέφευγον,

269 2979 344 3025 De
385 2977 522 3040 asylo
562 2975 611 3023 in
651 2977 839 3042 templo
880 2977 1132 3026 Minervae
1181 2977 1293 3026 vide
1333 2976 1679 3041 Thucydidem
1719 2977 1784 3039 (I,
1816 2978 1969 3036 126),

128 3059 446 3108 Plutarchum
483 3059 532 3105 in
574 3058 690 3108 Vita
728 3059 922 3108 Solonis
964 3060 1114 3119 (12),
1157 3059 1485 3109 Scholiastam
1525 3060 1587 3109 ad
1628 3049 1968 3125 Aristophanis

128 3140 330 3206 Equites
359 3143 543 3203 (445),
582 3143 630 3189 in
660 3141 885 3192 Aeschin.
913 3142 1223 3207 Ctesiphont.
1255 3143 1333 3191 13.

271 3224 472 3274 Servius
512 3224 571 3271 ad
600 3223 803 3274 Aeneid.
834 3226 999 3286 (VIII,
1028 3226 1184 3284 342):
1226 3227 1493 3291 Postquam
1522 3226 1760 3276 Hercules
1788 3225 1968 3287 migra-

130 3307 199 3354 vit
226 3325 249 3354 e
276 3309 442 3369 terris,
472 3315 676 3373 nepotes
705 3309 808 3373 ejus
835 3310 1062 3358 timentes
1092 3309 1292 3361 insidias
1321 3328 1514 3373 eorum,
1549 3328 1671 3375 quos
1699 3326 1820 3357 avus
1846 3307 1967 3356 affli-

133 3397 296 3451 xerat,
337 3390 545 3440 Athenis
586 3391 675 3439 sibi
714 3392 859 3455 primi
893 3391 1123 3457 asylum,
1163 3392 1255 3443 hoc
1283 3401 1379 3455 est,
1419 3394 1656 3458 templum
1698 3390 1969 3440 Misericor-

1602 3472 1690 3514 35⁴}
