<?xml version="1.0" encoding="UTF-8"?>
<!DOCTYPE html PUBLIC "-//W3C//DTD XHTML 1.0 Transitional//EN"
    "http://www.w3.org/TR/xhtml1/DTD/xhtml1-transitional.dtd">
<html xmlns="http://www.w3.org/1999/xhtml" xml:lang="en" lang="en">
 <head>
  <title>
</title>
<meta http-equiv="Content-Type" content="text/html;charset=utf-8" />
  <meta name='ocr-system' content='tesseract 3.04.00' />
  <meta name='ocr-capabilities' content='ocr_page ocr_carea ocr_par ocr_line ocrx_word'/>
</head>
<body>
  <div class='ocr_page' id='page_1' title='image "./synaggtnattiknno00tluoft_0655.png"; bbox 0 0 2114 3642; ppageno 0'>
   <div class='ocr_carea' id='block_1_1' title="bbox 712 208 2035 259">
    <p class='ocr_par' dir='ltr' id='par_1_1' title="bbox 712 208 2035 259">
     <span class='ocr_line' id='line_1_1' title="bbox 712 208 2035 259; baseline 0.006 -10"><span class='ocrx_word' id='word_1_1' title='bbox 712 216 1120 251; x_wconf 74' lang='lat' dir='ltr'><strong>COMMENTARIUS</strong></span> <span class='ocrx_word' id='word_1_2' title='bbox 1144 216 1216 249; x_wconf 82' lang='lat' dir='ltr'>AD</span> <span class='ocrx_word' id='word_1_3' title='bbox 1247 214 1348 252; x_wconf 78' lang='lat'><strong>1496.</strong></span> <span class='ocrx_word' id='word_1_4' title='bbox 1379 214 1482 252; x_wconf 79' lang='lat'><strong>149⁷.</strong></span> <span class='ocrx_word' id='word_1_5' title='bbox 1919 208 2035 259; x_wconf 22' lang='lat'>629,</span> 
     </span>
    </p>
   </div>
   <div class='ocr_carea' id='block_1_2' title="bbox 177 340 2018 406">
    <p class='ocr_par' dir='ltr' id='par_1_2' title="bbox 177 340 2018 406">
     <span class='ocr_line' id='line_1_2' title="bbox 177 340 2018 406; baseline 0.003 -15"><span class='ocrx_word' id='word_1_6' title='bbox 177 349 322 391; x_wconf 87' lang='lat' dir='ltr'>caret.</span> <span class='ocrx_word' id='word_1_7' title='bbox 363 344 616 403; x_wconf 68' lang='grc' dir='ltr'><em>(ΝΙελέται</em></span> <span class='ocrx_word' id='word_1_8' title='bbox 643 344 723 391; x_wconf 78' lang='grc' dir='ltr'>ἐπὶ</span> <span class='ocrx_word' id='word_1_9' title='bbox 750 341 852 391; x_wconf 79' lang='grc' dir='ltr'>τῶν</span> <span class='ocrx_word' id='word_1_10' title='bbox 877 340 1117 391; x_wconf 80' lang='grc' dir='ltr'><em>ἀστυκῶν</em></span> <span class='ocrx_word' id='word_1_11' title='bbox 1143 340 1317 406; x_wconf 85' lang='grc' dir='ltr'><em>νόμων</em></span> <span class='ocrx_word' id='word_1_12' title='bbox 1342 343 1445 393; x_wconf 74' lang='grc' dir='ltr'>τῶν</span> <span class='ocrx_word' id='word_1_13' title='bbox 1464 341 1670 395; x_wconf 84' lang='grc' dir='ltr'><em>’[ονίων</em></span> <span class='ocrx_word' id='word_1_14' title='bbox 1696 344 1876 405; x_wconf 80' lang='grc' dir='ltr'><em>νήσων,</em></span> <span class='ocrx_word' id='word_1_15' title='bbox 1911 343 2018 396; x_wconf 73' lang='grc' dir='ltr'>ὑπὸ</span> 
     </span>
    </p>
   </div>
   <div class='ocr_carea' id='block_1_3' title="bbox 170 421 1720 496">
    <p class='ocr_par' dir='ltr' id='par_1_3' title="bbox 170 421 1720 496">
     <span class='ocr_line' id='line_1_3' title="bbox 170 421 1720 496; baseline 0.003 -22"><span class='ocrx_word' id='word_1_16' title='bbox 170 421 493 474; x_wconf 78' lang='grc' dir='ltr'><em>Ἰωάννου</em></span> <span class='ocrx_word' id='word_1_17' title='bbox 530 424 993 485; x_wconf 77' lang='grc' dir='ltr'>Σκαλτζούνη.</span> <span class='ocrx_word' id='word_1_18' title='bbox 1037 426 1242 478; x_wconf 78' lang='lat' dir='ltr'>Athenis</span> <span class='ocrx_word' id='word_1_19' title='bbox 1272 429 1421 478; x_wconf 83' lang='lat'>1866.</span> <span class='ocrx_word' id='word_1_20' title='bbox 1462 447 1574 496; x_wconf 85' lang='lat' dir='ltr'><strong>pag.</strong></span> <span class='ocrx_word' id='word_1_21' title='bbox 1607 430 1720 491; x_wconf 86' lang='lat'>13.)</span> 
     </span>
    </p>
   </div>
   <div class='ocr_carea' id='block_1_4' title="bbox 944 567 1259 623">
    <p class='ocr_par' dir='ltr' id='par_1_4' title="bbox 944 567 1259 623">
     <span class='ocr_line' id='line_1_4' title="bbox 944 567 1259 623; baseline 0.01 -3"><span class='ocrx_word' id='word_1_22' title='bbox 944 567 1044 621; x_wconf 78' lang='lat' dir='ltr'>Ad</span> <span class='ocrx_word' id='word_1_23' title='bbox 1069 569 1259 623; x_wconf 78' lang='lat'>1496.</span> 
     </span>
    </p>
   </div>
   <div class='ocr_carea' id='block_1_5' title="bbox 161 676 2025 1913">
    <p class='ocr_par' dir='ltr' id='par_1_5' title="bbox 171 676 2016 902">
     <span class='ocr_line' id='line_1_5' title="bbox 315 676 2016 746; baseline 0.001 -20"><span class='ocrx_word' id='word_1_24' title='bbox 315 676 503 728; x_wconf 84' lang='lat' dir='ltr'>Ross:</span> <span class='ocrx_word' id='word_1_25' title='bbox 531 677 624 727; x_wconf 81' lang='lat' dir='ltr'>Die</span> <span class='ocrx_word' id='word_1_26' title='bbox 651 678 841 727; x_wconf 83' lang='lat' dir='ltr'>Demen</span> <span class='ocrx_word' id='word_1_27' title='bbox 871 695 969 727; x_wconf 91' lang='lat' dir='ltr'>von</span> <span class='ocrx_word' id='word_1_28' title='bbox 997 676 1171 728; x_wconf 85' lang='lat' dir='ltr'>Attika</span> <span class='ocrx_word' id='word_1_29' title='bbox 1195 697 1242 744; x_wconf 90' lang='lat' dir='ltr'>p.</span> <span class='ocrx_word' id='word_1_30' title='bbox 1271 679 1566 742; x_wconf 55' lang='lat'>47:310-0011</span> <span class='ocrx_word' id='word_1_31' title='bbox 1586 679 1795 743; x_wconf 80' lang='grc' dir='ltr'><em>χωρίων</em></span> <span class='ocrx_word' id='word_1_32' title='bbox 1821 681 1878 746; x_wconf 79' lang='grc' dir='ltr'>ἐγ</span> <span class='ocrx_word' id='word_1_33' title='bbox 1908 683 2016 727; x_wconf 80' lang='grc' dir='ltr'>Κυ-</span> 
     </span>
     <span class='ocr_line' id='line_1_6' title="bbox 172 756 2016 827; baseline 0.003 -20"><span class='ocrx_word' id='word_1_34' title='bbox 172 758 425 811; x_wconf 82' lang='grc' dir='ltr'><em>δαντιδων</em></span> <span class='ocrx_word' id='word_1_35' title='bbox 455 756 806 819; x_wconf 78' lang='grc' dir='ltr'><em>Ἀντικλείδης</em></span> <span class='ocrx_word' id='word_1_36' title='bbox 839 757 1163 827; x_wconf 75' lang='grc' dir='ltr'>Ἀντιγόνου.</span> <span class='ocrx_word' id='word_1_37' title='bbox 1217 758 1548 823; x_wconf 77' lang='grc' dir='ltr'><em>Κεφάλαιον.·</em></span> <span class='ocrx_word' id='word_1_38' title='bbox 1589 764 1725 812; x_wconf 84' lang='grc'>4837</span> <span class='ocrx_word' id='word_1_39' title='bbox 1753 764 2016 815; x_wconf 78' lang='lat' dir='ltr'><strong>drachmae</strong></span> 
     </span>
     <span class='ocr_line' id='line_1_7' title="bbox 171 838 1990 902; baseline -0.001 -7"><span class='ocrx_word' id='word_1_40' title='bbox 171 845 202 894; x_wconf 87' lang='lat'><strong>3</strong></span> <span class='ocrx_word' id='word_1_41' title='bbox 228 845 374 895; x_wconf 90' lang='lat' dir='ltr'>oboli.</span> <span class='ocrx_word' id='word_1_42' title='bbox 417 838 742 902; x_wconf 63' lang='grc' dir='ltr'>Ἐκατοστὴ.·</span> <span class='ocrx_word' id='word_1_43' title='bbox 782 845 849 893; x_wconf 87' lang='grc'>48</span> <span class='ocrx_word' id='word_1_44' title='bbox 876 844 1141 894; x_wconf 82' lang='lat' dir='ltr'>drachmae</span> <span class='ocrx_word' id='word_1_45' title='bbox 1169 844 1200 892; x_wconf 89' lang='lat'><strong>3</strong></span> <span class='ocrx_word' id='word_1_46' title='bbox 1229 845 1378 895; x_wconf 90' lang='lat' dir='ltr'>oboli.</span> <span class='ocrx_word' id='word_1_47' title='bbox 1988 871 1990 873; x_wconf 95' lang='lat'>·</span> 
     </span>
    </p>

    <p class='ocr_par' dir='ltr' id='par_1_6' title="bbox 167 914 2017 1329">
     <span class='ocr_line' id='line_1_8' title="bbox 291 914 2017 996; baseline 0.002 -19.035"><span class='ocrx_word' id='word_1_48' title='bbox 291 929 464 978; x_wconf 81' lang='lat' dir='ltr'>Mons</span> <span class='ocrx_word' id='word_1_49' title='bbox 491 930 621 979; x_wconf 89' lang='lat' dir='ltr'>enim</span> <span class='ocrx_word' id='word_1_50' title='bbox 648 935 752 978; x_wconf 88' lang='lat' dir='ltr'>erat</span> <span class='ocrx_word' id='word_1_51' title='bbox 778 930 1006 978; x_wconf 87' lang='lat' dir='ltr'>venditos</span> <span class='ocrx_word' id='word_1_52' title='bbox 1032 928 1211 978; x_wconf 85' lang='lat' dir='ltr'>fundos</span> <span class='ocrx_word' id='word_1_53' title='bbox 1247 929 1327 978; x_wconf 90' lang='lat' dir='ltr'>vel</span> <span class='ocrx_word' id='word_1_54' title='bbox 1359 946 1530 979; x_wconf 74' lang='lat' dir='ltr'>selvos</span> <span class='ocrx_word' id='word_1_55' title='bbox 1556 930 1756 996; x_wconf 88' lang='lat' dir='ltr'>publice</span> <span class='ocrx_word' id='word_1_56' title='bbox 1783 931 1908 981; x_wconf 87' lang='lat' dir='ltr'>albis</span> <span class='ocrx_word' id='word_1_57' title='bbox 1936 914 2017 981; x_wconf 85' lang='lat' dir='ltr'>vel</span> 
     </span>
     <span class='ocr_line' id='line_1_9' title="bbox 167 1012 2016 1078; baseline 0.001 -16"><span class='ocrx_word' id='word_1_58' title='bbox 167 1012 341 1063; x_wconf 87' lang='lat' dir='ltr'>buxeis</span> <span class='ocrx_word' id='word_1_59' title='bbox 367 1013 549 1063; x_wconf 89' lang='lat' dir='ltr'>tabulis</span> <span class='ocrx_word' id='word_1_60' title='bbox 575 1013 856 1074; x_wconf 82' lang='lat' dir='ltr'>inscribere,</span> <span class='ocrx_word' id='word_1_61' title='bbox 885 1012 1010 1060; x_wconf 89' lang='lat' dir='ltr'>sicut</span> <span class='ocrx_word' id='word_1_62' title='bbox 1035 1018 1084 1061; x_wconf 88' lang='lat' dir='ltr'>et</span> <span class='ocrx_word' id='word_1_63' title='bbox 1109 1013 1312 1061; x_wconf 88' lang='lat' dir='ltr'>nomina</span> <span class='ocrx_word' id='word_1_64' title='bbox 1337 1014 1732 1078; x_wconf 87' lang='lat' dir='ltr'>possessionum,</span> <span class='ocrx_word' id='word_1_65' title='bbox 1760 1031 2016 1064; x_wconf 87' lang='lat' dir='ltr'>servorum</span> 
     </span>
     <span class='ocr_line' id='line_1_10' title="bbox 169 1081 2014 1160; baseline 0.001 -15"><span class='ocrx_word' id='word_1_66' title='bbox 169 1102 218 1145; x_wconf 90' lang='lat' dir='ltr'>et</span> <span class='ocrx_word' id='word_1_67' title='bbox 243 1081 539 1157; x_wconf 86' lang='lat' dir='ltr'>ementium,</span> <span class='ocrx_word' id='word_1_68' title='bbox 568 1102 621 1144; x_wconf 89' lang='lat' dir='ltr'>ut</span> <span class='ocrx_word' id='word_1_69' title='bbox 647 1096 686 1145; x_wconf 86' lang='lat' dir='ltr'>si</span> <span class='ocrx_word' id='word_1_70' title='bbox 714 1095 822 1160; x_wconf 90' lang='lat' dir='ltr'>quis</span> <span class='ocrx_word' id='word_1_71' title='bbox 848 1095 1042 1159; x_wconf 82' lang='lat' dir='ltr'>litigare</span> <span class='ocrx_word' id='word_1_72' title='bbox 1069 1095 1235 1157; x_wconf 88' lang='lat' dir='ltr'>vellet,</span> <span class='ocrx_word' id='word_1_73' title='bbox 1264 1113 1355 1160; x_wconf 91' lang='lat' dir='ltr'>pro</span> <span class='ocrx_word' id='word_1_74' title='bbox 1383 1095 1540 1144; x_wconf 90' lang='lat' dir='ltr'>lubitu</span> <span class='ocrx_word' id='word_1_75' title='bbox 1567 1096 1755 1159; x_wconf 87' lang='lat' dir='ltr'>legeret</span> <span class='ocrx_word' id='word_1_76' title='bbox 1780 1097 2014 1159; x_wconf 90' lang='lat' dir='ltr'>tabulam,</span> 
     </span>
     <span class='ocr_line' id='line_1_11' title="bbox 169 1175 2013 1247; baseline 0.003 -22"><span class='ocrx_word' id='word_1_77' title='bbox 169 1175 407 1241; x_wconf 77' lang='grc' dir='ltr'><em>λεύκωμα</em></span> <span class='ocrx_word' id='word_1_78' title='bbox 436 1180 630 1230; x_wconf 86' lang='lat' dir='ltr'>dictam.</span> <span class='ocrx_word' id='word_1_79' title='bbox 670 1179 743 1242; x_wconf 90' lang='lat' dir='ltr'>(L</span> <span class='ocrx_word' id='word_1_80' title='bbox 758 1196 784 1228; x_wconf 91' lang='lat' dir='ltr'>e</span> <span class='ocrx_word' id='word_1_81' title='bbox 798 1197 829 1229; x_wconf 91' lang='lat' dir='ltr'>u</span> <span class='ocrx_word' id='word_1_82' title='bbox 843 1185 864 1227; x_wconf 91' lang='lat' dir='ltr'>t</span> <span class='ocrx_word' id='word_1_83' title='bbox 878 1197 900 1228; x_wconf 92' lang='lat' dir='ltr'>s</span> <span class='ocrx_word' id='word_1_84' title='bbox 914 1196 940 1228; x_wconf 93' lang='lat' dir='ltr'>c</span> <span class='ocrx_word' id='word_1_85' title='bbox 955 1178 987 1226; x_wconf 92' lang='lat' dir='ltr'>h</span> <span class='ocrx_word' id='word_1_86' title='bbox 1014 1186 1061 1227; x_wconf 89' lang='lat' dir='ltr'>et</span> <span class='ocrx_word' id='word_1_87' title='bbox 1087 1178 1121 1228; x_wconf 84' lang='lat' dir='ltr'>S</span> <span class='ocrx_word' id='word_1_88' title='bbox 1137 1196 1163 1228; x_wconf 92' lang='lat' dir='ltr'>c</span> <span class='ocrx_word' id='word_1_89' title='bbox 1178 1178 1209 1227; x_wconf 97' lang='lat' dir='ltr'>h</span> <span class='ocrx_word' id='word_1_90' title='bbox 1224 1197 1257 1227; x_wconf 93' lang='lat' dir='ltr'>n</span> <span class='ocrx_word' id='word_1_91' title='bbox 1274 1195 1298 1228; x_wconf 92' lang='lat' dir='ltr'>e</span> <span class='ocrx_word' id='word_1_92' title='bbox 1314 1179 1328 1227; x_wconf 92' lang='lat' dir='ltr'>i</span> <span class='ocrx_word' id='word_1_93' title='bbox 1344 1178 1374 1227; x_wconf 92' lang='lat' dir='ltr'>d</span> <span class='ocrx_word' id='word_1_94' title='bbox 1389 1196 1414 1228; x_wconf 90' lang='lat' dir='ltr'>e</span> <span class='ocrx_word' id='word_1_95' title='bbox 1431 1180 1504 1227; x_wconf 87' lang='lat' dir='ltr'>wi</span> <span class='ocrx_word' id='word_1_96' title='bbox 1520 1195 1551 1227; x_wconf 92' lang='lat' dir='ltr'>n</span> <span class='ocrx_word' id='word_1_97' title='bbox 1568 1197 1578 1227; x_wconf 73' lang='grc' dir='ltr'><strong><em>ε</em></strong></span> <span class='ocrx_word' id='word_1_98' title='bbox 1614 1178 1808 1247; x_wconf 81' lang='lat' dir='ltr'>Corpus</span> <span class='ocrx_word' id='word_1_99' title='bbox 1834 1197 2013 1246; x_wconf 88' lang='lat' dir='ltr'>paroe-</span> 
     </span>
     <span class='ocr_line' id='line_1_12' title="bbox 167 1261 1124 1329; baseline 0 -20"><span class='ocrx_word' id='word_1_100' title='bbox 167 1261 446 1329; x_wconf 85' lang='lat' dir='ltr'>miograph.</span> <span class='ocrx_word' id='word_1_101' title='bbox 474 1280 637 1327; x_wconf 87' lang='lat' dir='ltr'>graec.</span> <span class='ocrx_word' id='word_1_102' title='bbox 668 1263 810 1311; x_wconf 89' lang='lat' dir='ltr'>Tom.</span> <span class='ocrx_word' id='word_1_103' title='bbox 838 1262 874 1311; x_wconf 94' lang='grc' dir='ltr'>Ι.</span> <span class='ocrx_word' id='word_1_104' title='bbox 903 1280 950 1327; x_wconf 78' lang='lat' dir='ltr'>p,</span> <span class='ocrx_word' id='word_1_105' title='bbox 979 1262 1124 1321; x_wconf 84' lang='lat'>405.)</span> 
     </span>
    </p>

    <p class='ocr_par' dir='ltr' id='par_1_7' title="bbox 161 1341 2025 1496">
     <span class='ocr_line' id='line_1_13' title="bbox 310 1341 2025 1415; baseline -0.001 -19"><span class='ocrx_word' id='word_1_106' title='bbox 310 1344 545 1396; x_wconf 85' lang='lat' dir='ltr'>Suidas</span> <span class='ocrx_word' id='word_1_107' title='bbox 583 1346 702 1415; x_wconf 84' lang='lat' dir='ltr'>dicit</span> <span class='ocrx_word' id='word_1_108' title='bbox 740 1347 800 1396; x_wconf 92' lang='lat' dir='ltr'>de</span> <span class='ocrx_word' id='word_1_109' title='bbox 839 1346 933 1394; x_wconf 91' lang='lat' dir='ltr'>hoc</span> <span class='ocrx_word' id='word_1_110' title='bbox 972 1341 1293 1406; x_wconf 78' lang='grc' dir='ltr'><em>λευκώματι.·</em></span> <span class='ocrx_word' id='word_1_111' title='bbox 1334 1346 1503 1395; x_wconf 86' lang='lat' dir='ltr'>Paries</span> <span class='ocrx_word' id='word_1_112' title='bbox 1529 1363 1689 1412; x_wconf 82' lang='lat' dir='ltr'>gypso</span> <span class='ocrx_word' id='word_1_113' title='bbox 1715 1347 1892 1410; x_wconf 86' lang='lat' dir='ltr'>illitus,</span> <span class='ocrx_word' id='word_1_114' title='bbox 1932 1347 2025 1396; x_wconf 75' lang='lat' dir='ltr'>cui</span> 
     </span>
     <span class='ocr_line' id='line_1_14' title="bbox 161 1428 1056 1496; baseline -0.007 -13"><span class='ocrx_word' id='word_1_115' title='bbox 161 1446 243 1483; x_wconf 72' lang='lat' dir='ltr'>‚res</span> <span class='ocrx_word' id='word_1_116' title='bbox 269 1430 439 1480; x_wconf 88' lang='lat' dir='ltr'>civiles</span> <span class='ocrx_word' id='word_1_117' title='bbox 465 1436 581 1496; x_wconf 86' lang='lat' dir='ltr'>apte</span> <span class='ocrx_word' id='word_1_118' title='bbox 608 1428 807 1478; x_wconf 82' lang='lat' dir='ltr'>inscribi</span> <span class='ocrx_word' id='word_1_119' title='bbox 835 1435 1056 1494; x_wconf 79' lang='lat' dir='ltr'>possunt.</span> 
     </span>
    </p>

    <p class='ocr_par' dir='ltr' id='par_1_8' title="bbox 164 1511 2011 1740">
     <span class='ocr_line' id='line_1_15' title="bbox 308 1511 2011 1580; baseline 0 -17"><span class='ocrx_word' id='word_1_120' title='bbox 308 1512 455 1580; x_wconf 87' lang='lat' dir='ltr'>Apud</span> <span class='ocrx_word' id='word_1_121' title='bbox 481 1512 755 1578; x_wconf 84' lang='lat' dir='ltr'>Cyzicenos</span> <span class='ocrx_word' id='word_1_122' title='bbox 786 1511 1096 1562; x_wconf 83' lang='lat' dir='ltr'>venditiones</span> <span class='ocrx_word' id='word_1_123' title='bbox 1124 1512 1409 1577; x_wconf 89' lang='lat' dir='ltr'>priusquam</span> <span class='ocrx_word' id='word_1_124' title='bbox 1436 1514 1847 1563; x_wconf 87' lang='lat' dir='ltr'>confirmarentur</span> <span class='ocrx_word' id='word_1_125' title='bbox 1872 1514 2011 1579; x_wconf 74' lang='lat' dir='ltr'>quin=</span> 
     </span>
     <span class='ocr_line' id='line_1_16' title="bbox 164 1594 2009 1662; baseline 0.001 -16"><span class='ocrx_word' id='word_1_126' title='bbox 164 1614 259 1662; x_wconf 92' lang='lat' dir='ltr'>que</span> <span class='ocrx_word' id='word_1_127' title='bbox 286 1597 529 1646; x_wconf 80' lang='lat' dir='ltr'>continuis</span> <span class='ocrx_word' id='word_1_128' title='bbox 570 1594 743 1645; x_wconf 91' lang='lat' dir='ltr'>diebus</span> <span class='ocrx_word' id='word_1_129' title='bbox 781 1595 980 1661; x_wconf 87' lang='lat' dir='ltr'>publice</span> <span class='ocrx_word' id='word_1_130' title='bbox 1020 1613 1112 1661; x_wconf 88' lang='lat' dir='ltr'>per</span> <span class='ocrx_word' id='word_1_131' title='bbox 1148 1612 1446 1662; x_wconf 87' lang='lat' dir='ltr'>praeconem</span> <span class='ocrx_word' id='word_1_132' title='bbox 1473 1596 1806 1646; x_wconf 88' lang='lat' dir='ltr'>edicebantur.</span> <span class='ocrx_word' id='word_1_133' title='bbox 1847 1596 2009 1658; x_wconf 85' lang='lat' dir='ltr'>(Sto-</span> 
     </span>
     <span class='ocr_line' id='line_1_17' title="bbox 164 1679 838 1740; baseline -0.004 -11"><span class='ocrx_word' id='word_1_134' title='bbox 164 1679 361 1730; x_wconf 89' lang='lat' dir='ltr'>baeus</span> <span class='ocrx_word' id='word_1_135' title='bbox 401 1696 577 1730; x_wconf 82' lang='lat' dir='ltr'>serm.</span> <span class='ocrx_word' id='word_1_136' title='bbox 615 1680 697 1740; x_wconf 80' lang='lat'>44,</span> <span class='ocrx_word' id='word_1_137' title='bbox 728 1679 838 1739; x_wconf 82' lang='lat'><strong>22.)</strong></span> 
     </span>
    </p>

    <p class='ocr_par' dir='ltr' id='par_1_9' title="bbox 163 1760 2019 1913">
     <span class='ocr_line' id='line_1_18' title="bbox 307 1760 2008 1829; baseline 0 -15"><span class='ocrx_word' id='word_1_138' title='bbox 307 1762 452 1829; x_wconf 88' lang='lat' dir='ltr'>Apud</span> <span class='ocrx_word' id='word_1_139' title='bbox 479 1762 694 1812; x_wconf 89' lang='lat' dir='ltr'>Thurios</span> <span class='ocrx_word' id='word_1_140' title='bbox 720 1768 819 1811; x_wconf 88' lang='lat' dir='ltr'>tres</span> <span class='ocrx_word' id='word_1_141' title='bbox 846 1760 1144 1811; x_wconf 88' lang='lat' dir='ltr'>venditionis</span> <span class='ocrx_word' id='word_1_142' title='bbox 1179 1768 1329 1811; x_wconf 89' lang='lat' dir='ltr'>testes</span> <span class='ocrx_word' id='word_1_143' title='bbox 1366 1762 1757 1826; x_wconf 86' lang='lat' dir='ltr'>adhibebantur,</span> <span class='ocrx_word' id='word_1_144' title='bbox 1794 1766 1876 1829; x_wconf 89' lang='lat' dir='ltr'>qui</span> <span class='ocrx_word' id='word_1_145' title='bbox 1911 1780 2008 1814; x_wconf 91' lang='lat' dir='ltr'>me—</span> 
     </span>
     <span class='ocr_line' id='line_1_19' title="bbox 163 1846 2019 1913; baseline 0.001 -19"><span class='ocrx_word' id='word_1_146' title='bbox 163 1848 346 1897; x_wconf 88' lang='lat' dir='ltr'>moriae</span> <span class='ocrx_word' id='word_1_147' title='bbox 386 1854 434 1896; x_wconf 89' lang='lat' dir='ltr'>et</span> <span class='ocrx_word' id='word_1_148' title='bbox 459 1846 609 1895; x_wconf 85' lang='lat' dir='ltr'>futuri</span> <span class='ocrx_word' id='word_1_149' title='bbox 648 1846 915 1895; x_wconf 88' lang='lat' dir='ltr'>testimonii</span> <span class='ocrx_word' id='word_1_150' title='bbox 954 1846 1114 1911; x_wconf 85' lang='lat' dir='ltr'>gratia</span> <span class='ocrx_word' id='word_1_151' title='bbox 1152 1863 1359 1911; x_wconf 88' lang='lat' dir='ltr'>parvam</span> <span class='ocrx_word' id='word_1_152' title='bbox 1397 1847 1711 1913; x_wconf 87' lang='lat' dir='ltr'>accipiebant</span> <span class='ocrx_word' id='word_1_153' title='bbox 1747 1855 2019 1898; x_wconf 36' lang='lat' dir='ltr'>monetam.⁷</span> 
     </span>
    </p>
   </div>
   <div class='ocr_carea' id='block_1_6' title="bbox 163 1929 379 1991">
    <p class='ocr_par' dir='ltr' id='par_1_10' title="bbox 163 1929 379 1991">
     <span class='ocr_line' id='line_1_20' title="bbox 163 1929 379 1991; baseline 0 -12"><span class='ocrx_word' id='word_1_154' title='bbox 163 1929 379 1991; x_wconf 85' lang='lat' dir='ltr'>(Ibid.)</span> 
     </span>
    </p>
   </div>
   <div class='ocr_carea' id='block_1_7' title="bbox 161 1997 2005 2257">
    <p class='ocr_par' dir='ltr' id='par_1_11' title="bbox 161 1997 2005 2257">
     <span class='ocr_line' id='line_1_21' title="bbox 933 1997 1248 2052; baseline 0.003 -2"><span class='ocrx_word' id='word_1_155' title='bbox 933 1997 1033 2050; x_wconf 73' lang='lat' dir='ltr'>Aa</span> <span class='ocrx_word' id='word_1_156' title='bbox 1058 1998 1248 2052; x_wconf 80' lang='grc'>1497.</span> 
     </span>
     <span class='ocr_line' id='line_1_22' title="bbox 305 2091 2005 2175; baseline -0.001 -16"><span class='ocrx_word' id='word_1_157' title='bbox 305 2109 663 2175; x_wconf 75' lang='lat' dir='ltr'>Har&#39;poclatio:</span> <span class='ocrx_word' id='word_1_158' title='bbox 703 2104 1022 2174; x_wconf 77' lang='grc' dir='ltr'><em>Ἀνάγειν</em></span> <span class='ocrx_word' id='word_1_159' title='bbox 1061 2110 1165 2155; x_wconf 79' lang='grc' dir='ltr'><strong><em>ἐστι</em></strong></span> <span class='ocrx_word' id='word_1_160' title='bbox 1202 2104 1260 2155; x_wconf 83' lang='grc' dir='ltr'>τὸ</span> <span class='ocrx_word' id='word_1_161' title='bbox 1295 2105 1513 2170; x_wconf 80' lang='grc' dir='ltr'><em>μηνύειν</em></span> <span class='ocrx_word' id='word_1_162' title='bbox 1551 2091 1645 2156; x_wconf 70' lang='grc' dir='ltr'>τὸν</span> <span class='ocrx_word' id='word_1_163' title='bbox 1685 2105 2005 2173; x_wconf 78' lang='grc' dir='ltr'>πεπρακότα,</span> 
     </span>
     <span class='ocr_line' id='line_1_23' title="bbox 161 2187 2005 2257; baseline 0.002 -17"><span class='ocrx_word' id='word_1_164' title='bbox 161 2195 252 2240; x_wconf 82' lang='grc' dir='ltr'>καὶ</span> <span class='ocrx_word' id='word_1_165' title='bbox 279 2195 354 2241; x_wconf 75' lang='grc' dir='ltr'>ἐπ’</span> <span class='ocrx_word' id='word_1_166' title='bbox 382 2196 586 2240; x_wconf 72' lang='grc' dir='ltr'><em>ἐκεῖνον</em></span> <span class='ocrx_word' id='word_1_167' title='bbox 611 2192 753 2239; x_wconf 79' lang='grc' dir='ltr'><em>ἰέναι.</em></span> <span class='ocrx_word' id='word_1_168' title='bbox 806 2196 834 2251; x_wconf 74' lang='grc' dir='ltr'><em>ζ</em></span> <span class='ocrx_word' id='word_1_169' title='bbox 843 2187 1087 2257; x_wconf 78' lang='grc' dir='ltr'><em>Ἀνάγειν</em></span> <span class='ocrx_word' id='word_1_170' title='bbox 1126 2198 1200 2241; x_wconf 90' lang='lat' dir='ltr'>est</span> <span class='ocrx_word' id='word_1_171' title='bbox 1237 2192 1456 2242; x_wconf 88' lang='lat' dir='ltr'>indicare</span> <span class='ocrx_word' id='word_1_172' title='bbox 1495 2192 1832 2257; x_wconf 88' lang='lat' dir='ltr'>venditorem,</span> <span class='ocrx_word' id='word_1_173' title='bbox 1870 2212 2005 2244; x_wconf 89' lang='lat' dir='ltr'>eum-</span> 
     </span>
    </p>
   </div>
   <div class='ocr_carea' id='block_1_8' title="bbox 161 2279 2004 2426">
    <p class='ocr_par' dir='ltr' id='par_1_12' title="bbox 161 2279 2004 2426">
     <span class='ocr_line' id='line_1_24' title="bbox 161 2279 496 2343; baseline 0.006 -18"><span class='ocrx_word' id='word_1_174' title='bbox 161 2295 255 2343; x_wconf 89' lang='lat' dir='ltr'>que</span> <span class='ocrx_word' id='word_1_175' title='bbox 282 2283 451 2343; x_wconf 86' lang='lat' dir='ltr'>petere</span> <span class='ocrx_word' id='word_1_176' title='bbox 456 2279 496 2337; x_wconf 87' lang='grc'>)</span> 
     </span>
     <span class='ocr_line' id='line_1_25' title="bbox 303 2355 2004 2426; baseline 0.002 -17"><span class='ocrx_word' id='word_1_177' title='bbox 303 2360 539 2410; x_wconf 86' lang='lat' dir='ltr'>Suidas</span> <span class='ocrx_word' id='word_1_178' title='bbox 558 2379 613 2409; x_wconf 54' lang='lat' dir='ltr'>as.</span> <span class='ocrx_word' id='word_1_179' title='bbox 642 2379 685 2409; x_wconf 92' lang='lat' dir='ltr'>v.</span> <span class='ocrx_word' id='word_1_180' title='bbox 727 2355 1119 2422; x_wconf 72' lang='grc' dir='ltr'><em>αὐτομαχῆσαι,·</em></span> <span class='ocrx_word' id='word_1_181' title='bbox 1159 2359 1285 2410; x_wconf 82' lang='lat' dir='ltr'>Cum</span> <span class='ocrx_word' id='word_1_182' title='bbox 1326 2361 1433 2426; x_wconf 90' lang='lat' dir='ltr'>quis</span> <span class='ocrx_word' id='word_1_183' title='bbox 1461 2359 1663 2411; x_wconf 90' lang='lat' dir='ltr'>domum</span> <span class='ocrx_word' id='word_1_184' title='bbox 1688 2369 1772 2411; x_wconf 89' lang='lat' dir='ltr'>aut</span> <span class='ocrx_word' id='word_1_185' title='bbox 1798 2362 2004 2413; x_wconf 88' lang='lat' dir='ltr'>fundum</span> 
     </span>
    </p>
   </div>
   <div class='ocr_carea' id='block_1_9' title="bbox 157 2442 2003 3429">
    <p class='ocr_par' dir='ltr' id='par_1_13' title="bbox 160 2442 2003 2757">
     <span class='ocr_line' id='line_1_26' title="bbox 160 2442 2003 2510; baseline 0.001 -17"><span class='ocrx_word' id='word_1_186' title='bbox 160 2444 253 2493; x_wconf 82' lang='lat' dir='ltr'>sibi</span> <span class='ocrx_word' id='word_1_187' title='bbox 281 2443 523 2505; x_wconf 84' lang='lat' dir='ltr'>vindicat,</span> <span class='ocrx_word' id='word_1_188' title='bbox 564 2451 612 2492; x_wconf 87' lang='lat' dir='ltr'>et</span> <span class='ocrx_word' id='word_1_189' title='bbox 638 2443 867 2493; x_wconf 84' lang='lat' dir='ltr'>venditor</span> <span class='ocrx_word' id='word_1_190' title='bbox 899 2442 1138 2493; x_wconf 86' lang='lat' dir='ltr'>solvendo</span> <span class='ocrx_word' id='word_1_191' title='bbox 1179 2451 1277 2505; x_wconf 86' lang='lat' dir='ltr'>est,</span> <span class='ocrx_word' id='word_1_192' title='bbox 1317 2461 1477 2509; x_wconf 90' lang='lat' dir='ltr'>neque</span> <span class='ocrx_word' id='word_1_193' title='bbox 1497 2444 1741 2510; x_wconf 88' lang='lat' dir='ltr'>judicium</span> <span class='ocrx_word' id='word_1_194' title='bbox 1766 2444 2003 2495; x_wconf 87' lang='lat' dir='ltr'>adversus</span> 
     </span>
     <span class='ocr_line' id='line_1_27' title="bbox 160 2526 2003 2594; baseline 0.003 -20"><span class='ocrx_word' id='word_1_195' title='bbox 160 2526 494 2575; x_wconf 88' lang='lat' dir='ltr'>vindicantem</span> <span class='ocrx_word' id='word_1_196' title='bbox 534 2527 799 2590; x_wconf 85' lang='lat' dir='ltr'>detrectat,</span> <span class='ocrx_word' id='word_1_197' title='bbox 842 2545 1047 2592; x_wconf 89' lang='lat' dir='ltr'>eamque</span> <span class='ocrx_word' id='word_1_198' title='bbox 1087 2529 1150 2576; x_wconf 93' lang='lat' dir='ltr'>ob</span> <span class='ocrx_word' id='word_1_199' title='bbox 1190 2544 1390 2578; x_wconf 89' lang='lat' dir='ltr'>causam</span> <span class='ocrx_word' id='word_1_200' title='bbox 1428 2545 1683 2594; x_wconf 86' lang='lat' dir='ltr'>possessor</span> <span class='ocrx_word' id='word_1_201' title='bbox 1722 2529 1892 2579; x_wconf 87' lang='lat' dir='ltr'>domus</span> <span class='ocrx_word' id='word_1_202' title='bbox 1924 2532 2003 2580; x_wconf 92' lang='lat' dir='ltr'>vel</span> 
     </span>
     <span class='ocr_line' id='line_1_28' title="bbox 161 2609 2002 2680; baseline 0.003 -22"><span class='ocrx_word' id='word_1_203' title='bbox 161 2609 297 2658; x_wconf 81' lang='lat' dir='ltr'>fundi</span> <span class='ocrx_word' id='word_1_204' title='bbox 336 2610 442 2675; x_wconf 90' lang='lat' dir='ltr'>ipse</span> <span class='ocrx_word' id='word_1_205' title='bbox 474 2611 661 2676; x_wconf 90' lang='lat' dir='ltr'>judicio</span> <span class='ocrx_word' id='word_1_206' title='bbox 702 2612 808 2661; x_wconf 88' lang='lat' dir='ltr'>vult</span> <span class='ocrx_word' id='word_1_207' title='bbox 844 2611 1076 2661; x_wconf 86' lang='lat' dir='ltr'>adversus</span> <span class='ocrx_word' id='word_1_208' title='bbox 1116 2629 1226 2661; x_wconf 89' lang='lat' dir='ltr'>eum</span> <span class='ocrx_word' id='word_1_209' title='bbox 1265 2612 1501 2678; x_wconf 80' lang='lat' dir='ltr'>experiri,</span> <span class='ocrx_word' id='word_1_210' title='bbox 1543 2613 1625 2677; x_wconf 89' lang='lat' dir='ltr'>qui</span> <span class='ocrx_word' id='word_1_211' title='bbox 1666 2613 1725 2662; x_wconf 90' lang='lat' dir='ltr'>de</span> <span class='ocrx_word' id='word_1_212' title='bbox 1761 2630 1812 2663; x_wconf 86' lang='lat' dir='ltr'>re</span> <span class='ocrx_word' id='word_1_213' title='bbox 1838 2621 2002 2680; x_wconf 88' lang='lat' dir='ltr'>empta</span> 
     </span>
     <span class='ocr_line' id='line_1_29' title="bbox 160 2689 1459 2757; baseline 0.002 -15"><span class='ocrx_word' id='word_1_214' title='bbox 160 2694 548 2742; x_wconf 87' lang='lat' dir='ltr'>controversiam</span> <span class='ocrx_word' id='word_1_215' title='bbox 574 2702 765 2757; x_wconf 88' lang='lat' dir='ltr'>movet,</span> <span class='ocrx_word' id='word_1_216' title='bbox 806 2694 855 2744; x_wconf 86' lang='lat' dir='ltr'>id</span> <span class='ocrx_word' id='word_1_217' title='bbox 883 2689 1244 2757; x_wconf 78' lang='grc' dir='ltr'><em>αὐτομαχῆσαι</em></span> <span class='ocrx_word' id='word_1_218' title='bbox 1270 2695 1459 2745; x_wconf 89' lang='lat' dir='ltr'>dicitur.</span> 
     </span>
    </p>

    <p class='ocr_par' dir='ltr' id='par_1_14' title="bbox 157 2773 2002 3011">
     <span class='ocr_line' id='line_1_30' title="bbox 302 2773 2001 2846; baseline 0.004 -21"><span class='ocrx_word' id='word_1_219' title='bbox 302 2777 779 2844; x_wconf 88' lang='lat' dir='ltr'>Harpocratio:</span> <span class='ocrx_word' id='word_1_220' title='bbox 831 2773 1165 2840; x_wconf 76' lang='grc' dir='ltr'><em>Αὐτομαχεῖν</em></span> <span class='ocrx_word' id='word_1_221' title='bbox 1203 2786 1278 2829; x_wconf 89' lang='lat' dir='ltr'>est</span> <span class='ocrx_word' id='word_1_222' title='bbox 1315 2795 1403 2845; x_wconf 87' lang='lat' dir='ltr'>per</span> <span class='ocrx_word' id='word_1_223' title='bbox 1443 2795 1494 2829; x_wconf 90' lang='lat' dir='ltr'>se</span> <span class='ocrx_word' id='word_1_224' title='bbox 1537 2780 1724 2846; x_wconf 89' lang='lat' dir='ltr'>ipsum,</span> <span class='ocrx_word' id='word_1_225' title='bbox 1776 2797 1876 2830; x_wconf 91' lang='lat' dir='ltr'>non</span> <span class='ocrx_word' id='word_1_226' title='bbox 1914 2797 2001 2846; x_wconf 87' lang='lat' dir='ltr'>per</span> 
     </span>
     <span class='ocr_line' id='line_1_31' title="bbox 157 2860 2002 2928; baseline 0.001 -15"><span class='ocrx_word' id='word_1_227' title='bbox 157 2864 330 2923; x_wconf 89' lang='lat' dir='ltr'>alium,</span> <span class='ocrx_word' id='word_1_228' title='bbox 362 2860 552 2926; x_wconf 87' lang='lat' dir='ltr'>judicio</span> <span class='ocrx_word' id='word_1_229' title='bbox 591 2860 920 2925; x_wconf 69' lang='lat' dir='ltr'>contendere,</span> <span class='ocrx_word' id='word_1_230' title='bbox 958 2869 1014 2911; x_wconf 91' lang='lat' dir='ltr'>ut</span> <span class='ocrx_word' id='word_1_231' title='bbox 1047 2862 1087 2911; x_wconf 89' lang='lat' dir='ltr'>si</span> <span class='ocrx_word' id='word_1_232' title='bbox 1115 2863 1223 2928; x_wconf 87' lang='lat' dir='ltr'>quis</span> <span class='ocrx_word' id='word_1_233' title='bbox 1251 2863 1313 2912; x_wconf 88' lang='lat' dir='ltr'>ad</span> <span class='ocrx_word' id='word_1_234' title='bbox 1340 2861 1650 2913; x_wconf 87' lang='lat' dir='ltr'>venditorem</span> <span class='ocrx_word' id='word_1_235' title='bbox 1678 2862 1916 2926; x_wconf 86' lang='lat' dir='ltr'>deducat,</span> <span class='ocrx_word' id='word_1_236' title='bbox 1952 2871 2002 2914; x_wconf 86' lang='lat' dir='ltr'>et</span> 
     </span>
     <span class='ocr_line' id='line_1_32' title="bbox 159 2943 1183 3011; baseline -0.002 -15"><span class='ocrx_word' id='word_1_237' title='bbox 159 2946 219 2997; x_wconf 90' lang='lat' dir='ltr'>ad</span> <span class='ocrx_word' id='word_1_238' title='bbox 246 2946 378 2995; x_wconf 89' lang='lat' dir='ltr'>hunc</span> <span class='ocrx_word' id='word_1_239' title='bbox 405 2943 630 2994; x_wconf 89' lang='lat' dir='ltr'>ostendat</span> <span class='ocrx_word' id='word_1_240' title='bbox 655 2945 899 2994; x_wconf 89' lang='lat' dir='ltr'>actionem</span> <span class='ocrx_word' id='word_1_241' title='bbox 926 2945 1183 3011; x_wconf 83' lang='lat' dir='ltr'>pertinere.</span> 
     </span>
    </p>

    <p class='ocr_par' dir='ltr' id='par_1_15' title="bbox 157 3026 2001 3429">
     <span class='ocr_line' id='line_1_33' title="bbox 300 3026 2001 3098; baseline 0.001 -19"><span class='ocrx_word' id='word_1_242' title='bbox 300 3029 494 3079; x_wconf 84' lang='lat' dir='ltr'>Heffter</span> <span class='ocrx_word' id='word_1_243' title='bbox 522 3027 727 3087; x_wconf 85' lang='lat' dir='ltr'>(Athen.</span> <span class='ocrx_word' id='word_1_244' title='bbox 755 3026 1109 3078; x_wconf 78' lang='lat' dir='ltr'>Grerichtsverf.</span> <span class='ocrx_word' id='word_1_245' title='bbox 1145 3048 1192 3095; x_wconf 89' lang='lat' dir='ltr'>p.</span> <span class='ocrx_word' id='word_1_246' title='bbox 1223 3029 1382 3088; x_wconf 81' lang='lat'>437):</span> <span class='ocrx_word' id='word_1_247' title='bbox 1422 3028 1474 3078; x_wconf 85' lang='lat' dir='ltr'>Si</span> <span class='ocrx_word' id='word_1_248' title='bbox 1502 3029 1727 3080; x_wconf 80' lang='lat' dir='ltr'>venditor</span> <span class='ocrx_word' id='word_1_249' title='bbox 1751 3032 1831 3080; x_wconf 90' lang='lat' dir='ltr'>vel</span> <span class='ocrx_word' id='word_1_250' title='bbox 1858 3032 2001 3098; x_wconf 64' lang='lat' dir='ltr'>oppi-&gt;</span> 
     </span>
     <span class='ocr_line' id='line_1_34' title="bbox 157 3111 1994 3179; baseline 0.001 -16"><span class='ocrx_word' id='word_1_251' title='bbox 157 3130 373 3178; x_wconf 84' lang='lat' dir='ltr'>gnerans</span> <span class='ocrx_word' id='word_1_252' title='bbox 399 3111 694 3173; x_wconf 85' lang='lat' dir='ltr'>declaravit,</span> <span class='ocrx_word' id='word_1_253' title='bbox 732 3129 783 3160; x_wconf 86' lang='lat' dir='ltr'>se</span> <span class='ocrx_word' id='word_1_254' title='bbox 824 3113 1033 3177; x_wconf 86' lang='lat' dir='ltr'>emptori</span> <span class='ocrx_word' id='word_1_255' title='bbox 1072 3112 1154 3161; x_wconf 90' lang='lat' dir='ltr'>vel</span> <span class='ocrx_word' id='word_1_256' title='bbox 1193 3114 1373 3178; x_wconf 82' lang='lat' dir='ltr'>pignus</span> <span class='ocrx_word' id='word_1_257' title='bbox 1413 3113 1675 3179; x_wconf 86' lang='lat' dir='ltr'>accipienti</span> <span class='ocrx_word' id='word_1_258' title='bbox 1703 3122 1874 3164; x_wconf 87' lang='lat' dir='ltr'>contra</span> <span class='ocrx_word' id='word_1_259' title='bbox 1900 3122 1994 3164; x_wconf 86' lang='lat' dir='ltr'>ter-</span> 
     </span>
     <span class='ocr_line' id='line_1_35' title="bbox 158 3195 1993 3262; baseline 0.001 -16"><span class='ocrx_word' id='word_1_260' title='bbox 158 3199 279 3246; x_wconf 89' lang='lat' dir='ltr'>tium</span> <span class='ocrx_word' id='word_1_261' title='bbox 305 3197 544 3261; x_wconf 90' lang='lat' dir='ltr'>aliquem,</span> <span class='ocrx_word' id='word_1_262' title='bbox 584 3195 666 3259; x_wconf 89' lang='lat' dir='ltr'>qui</span> <span class='ocrx_word' id='word_1_263' title='bbox 692 3195 785 3261; x_wconf 88' lang='lat' dir='ltr'>ipsi</span> <span class='ocrx_word' id='word_1_264' title='bbox 810 3195 947 3244; x_wconf 88' lang='lat' dir='ltr'>litem</span> <span class='ocrx_word' id='word_1_265' title='bbox 973 3203 1221 3259; x_wconf 74' lang='lat' dir='ltr'>moveret,</span> <span class='ocrx_word' id='word_1_266' title='bbox 1262 3197 1585 3262; x_wconf 85' lang='lat' dir='ltr'>possessionis</span> <span class='ocrx_word' id='word_1_267' title='bbox 1612 3205 1860 3247; x_wconf 87' lang='lat' dir='ltr'>auctorem</span> <span class='ocrx_word' id='word_1_268' title='bbox 1888 3215 1993 3248; x_wconf 86' lang='lat' dir='ltr'>esse</span> 
     </span>
     <span class='ocr_line' id='line_1_36' title="bbox 160 3279 1990 3344; baseline 0.003 -16"><span class='ocrx_word' id='word_1_269' title='bbox 160 3280 311 3341; x_wconf 88' lang='lat' dir='ltr'>velle,</span> <span class='ocrx_word' id='word_1_270' title='bbox 350 3286 606 3329; x_wconf 81' lang='lat' dir='ltr'>accusator</span> <span class='ocrx_word' id='word_1_271' title='bbox 630 3295 731 3327; x_wconf 88' lang='lat' dir='ltr'>non</span> <span class='ocrx_word' id='word_1_272' title='bbox 758 3279 968 3344; x_wconf 85' lang='lat' dir='ltr'>amplius</span> <span class='ocrx_word' id='word_1_273' title='bbox 995 3285 1167 3329; x_wconf 88' lang='lat' dir='ltr'>contra</span> <span class='ocrx_word' id='word_1_274' title='bbox 1192 3297 1536 3344; x_wconf 85' lang='lat' dir='ltr'>possessoren,</span> <span class='ocrx_word' id='word_1_275' title='bbox 1567 3282 1652 3333; x_wconf 87' lang='lat' dir='ltr'>sed</span> <span class='ocrx_word' id='word_1_276' title='bbox 1679 3289 1850 3332; x_wconf 88' lang='lat' dir='ltr'>contra</span> <span class='ocrx_word' id='word_1_277' title='bbox 1875 3299 1990 3334; x_wconf 89' lang='lat' dir='ltr'>ven-</span> 
     </span>
     <span class='ocr_line' id='line_1_37' title="bbox 159 3362 1343 3429; baseline 0.004 -17"><span class='ocrx_word' id='word_1_278' title='bbox 159 3362 366 3412; x_wconf 88' lang='lat' dir='ltr'>ditorem</span> <span class='ocrx_word' id='word_1_279' title='bbox 393 3364 472 3414; x_wconf 86' lang='lat' dir='ltr'>vel</span> <span class='ocrx_word' id='word_1_280' title='bbox 500 3363 914 3429; x_wconf 81' lang='lat' dir='ltr'>oppignerantem</span> <span class='ocrx_word' id='word_1_281' title='bbox 939 3363 1072 3413; x_wconf 84' lang='lat' dir='ltr'>litem</span> <span class='ocrx_word' id='word_1_282' title='bbox 1098 3365 1343 3417; x_wconf 80' lang='lat' dir='ltr'>movebat.</span> 
     </span>
    </p>
   </div>
  </div>
 </body>
</html>
