2114 3642
152 207 253 256 582
786 213 1195 251 COMMENTARIUS
1223 211 1292 244 An
1322 209 1425 245 1195.

152 356 262 400 rent
299 366 530 415 operam,
571 368 599 397 a
636 365 683 394 re
711 342 942 394 familiari
969 339 1214 397 destituti,
1255 347 1351 387 tam
1394 342 1526 389 bono
1566 346 1733 388 tamen
1773 342 1992 406 corporis

149 432 320 481 habitu
360 433 559 481 essent?
598 428 788 488 Quibus
821 424 890 473 illi
930 421 1320 488 responderunt,
1363 440 1388 470 e
1428 423 1742 488 pistrinorum
1784 424 1996 473 dominis

148 515 389 580 aliquem,
430 529 574 578 quem
601 508 948 565 nominabant,
977 512 1295 554 arcesserent.
1349 506 1445 564 Qui
1472 512 1735 570 postquam
1763 507 1899 555 venit
1925 514 1994 555 te-

148 605 398 661 statusque
427 602 523 653 est,
565 592 736 657 quavis
762 599 907 639 nocte
934 589 1045 638 illos
1073 589 1122 636 in
1150 588 1326 637 molam
1367 588 1664 638 descendere
1695 590 1993 654 molereque,

149 689 198 730 et
235 681 354 729 duas
391 677 649 726 drachmas
676 684 937 738 utrumque
966 672 1244 721 mercedem
1286 673 1536 738 accipere3
1584 672 1742 720 mirati
1778 671 1995 737 Areopa-

148 765 307 829 gitae,
350 759 571 809 ducentis
597 758 844 807 drachmis
873 776 956 806 eos
984 756 1244 805 donarunt.

288 854 636 904 Demosthenis
664 862 824 902 aetate
853 852 1071 916 viguisse
1100 850 1260 900 adhuc
1289 850 1416 898 hanc
1443 851 1631 915 legem,
1664 857 1798 914 patet
1826 868 1885 899 ex
1912 851 1996 899 hu>-

138 942 220 1006 jus
248 937 454 987 oratoris
481 936 645 984 verbis
675 939 875 996 (contra
904 934 1199 983 Eubulideni
1226 952 1272 998 p.
1304 933 1493 992 1308):
1524 933 1624 979 ἔστι
1656 935 1761 995 περὶ
1790 931 1873 989 τῆς
1900 928 1994 994 ἀρ-

147 1021 257 1086 γίας
289 1016 458 1081 νόμος.

288 1114 557 1164 Corinthiis
585 1133 701 1163 vero
728 1114 961 1162 usitatum
992 1113 1081 1160 hoc
1109 1119 1239 1170 erat,
1282 1111 1318 1158 si
1360 1128 1505 1176 quem
1539 1113 1770 1176 opsonari
1800 1129 1996 1177 semper

145 1198 405 1265 splendide
435 1198 684 1254 viderent,
731 1197 1011 1264 explorare,
1055 1212 1152 1260 quo
1187 1195 1324 1243 vivat
1352 1204 1400 1243 et
1428 1195 1544 1259 quid
1571 1203 1713 1259 agat3
1753 1204 1800 1244 et
1827 1196 1864 1243 si
1894 1212 1998 1244 rem

142 1283 321 1342 habet,
362 1281 501 1330 cuius
541 1282 724 1330 reditus
764 1290 942 1346 aequat
982 1286 1231 1344 sumptus,
1273 1279 1585 1344 permittere,
1628 1279 1745 1326 ntis
1774 1279 1993 1327 svaviter

144 1366 335 1415 fruatur
362 1366 490 1427 vita3
529 1365 603 1414 sin
644 1373 806 1413 autem
848 1383 997 1430 supra
1036 1382 1140 1412 rem
1180 1363 1455 1429 impensam
1494 1364 1636 1416 facit,
1678 1362 1995 1421 interdicere,

145 1467 205 1499 ne
234 1449 303 1497 sic
330 1455 530 1514 pergat,
571 1456 619 1496 et
658 1466 758 1496 non
801 1448 1113 1497 obedientem
1154 1446 1391 1511 puniunt,
1433 1445 1644 1510 denique
1687 1445 1725 1494 si
1768 1446 1905 1494 nulla
1945 1464 1995 1494 re

146 1549 436 1597 quacunque
451 1532 712 1594 magnifice
732 1532 868 1591 vivit,
903 1531 1120 1580 carnifici
1148 1529 1349 1577 tradunt
1376 1546 1499 1577 eum.
1531 1530 1701 1594 Neque
1732 1529 1862 1577 enim
1896 1529 1997 1577 fieri

145 1623 334 1682 potest,
363 1623 415 1663 ut
441 1614 481 1663 is
508 1616 611 1662 sine
640 1600 877 1663 maleficio
905 1615 1071 1678 aliquo
1100 1614 1260 1663 vivat:
1301 1612 1384 1660 sed
1412 1613 1688 1661 necessario
1717 1620 1802 1660 aut
1831 1620 1992 1661 vestes

145 1699 345 1764 surripit
370 1705 546 1759 noctu,
574 1707 659 1747 aut
685 1699 899 1763 parietes
926 1697 1166 1762 perfodit,
1210 1703 1295 1744 aut
1321 1695 1369 1743 id
1398 1696 1687 1744 facientium
1715 1697 1876 1744 socius
1904 1703 1991 1755 est,

144 1790 230 1831 aut
255 1781 646 1847 sycophantatur
672 1783 721 1830 in
750 1782 872 1842 foro,
901 1790 985 1831 aut
1001 1780 1249 1830 mendatia
1276 1788 1549 1830 attestatur.
1581 1779 1729 1840 (Ath
1746 1796 1770 1828 e
1789 1798 1821 1828 n
1837 1797 1866 1828 a
1884 1797 1908 1828 e
1925 1797 1993 1828 us

145 1865 232 1926 VI,
262 1866 405 1924 227.)

289 1947 436 2013 Apud
463 1949 891 1998 Lacedaemonios
918 1950 997 1998 lex
1020 1949 1256 2015 jubebat,
1286 1956 1338 1997 ut
1364 1965 1507 1997 nemo
1537 1948 1697 1996 minus
1726 1947 1880 1995 virilis
1909 1965 1995 2012 ap-

145 2038 344 2097 pareret
382 2033 547 2081 colore
587 2040 670 2080 aut
710 2031 930 2098 corporis
970 2032 1148 2080 molem
1181 2032 1387 2081 haberet
1414 2050 1564 2096 supra
1591 2048 1737 2095 quarn
1765 2030 1997 2079 exercitia

146 2116 319 2164 ferant.
372 2115 501 2163 Nam
535 2114 626 2163 hoc
659 2114 919 2177 segnitiam
961 2115 1240 2171 declarare,
1280 2113 1398 2162 illud
1427 2132 1527 2162 non
1557 2113 1806 2162 declarare
1835 2114 1994 2162 virum

146 2199 421 2247 videbatur.
474 2198 795 2263 Adscriptum
836 2216 955 2246 vero
996 2206 1100 2246 erat
1138 2198 1261 2262 legi,
1305 2207 1357 2246 ut
1397 2198 1540 2246 etiam
1580 2197 1771 2246 decimo
1800 2215 1995 2262 quoque

147 2282 225 2331 die
253 2281 432 2347 ephebi
459 2281 660 2329 omnino
687 2282 902 2347 Ephoris
931 2270 1035 2330 sese
1065 2282 1261 2347 publice
1290 2281 1580 2330 exhiberent
1608 2282 1777 2329 nudos.
1807 2281 1995 2342 Quodsi

149 2371 314 2414 essent
350 2365 477 2413 bene
518 2371 777 2429 compacto
818 2381 1025 2429 corpore
1067 2374 1114 2413 et
1152 2364 1340 2412 robusti
1376 2372 1423 2412 et
1462 2364 1598 2427 quasi
1643 2364 1820 2429 sculpti
1849 2370 1995 2428 atque

148 2447 328 2496 tornati
356 2465 445 2512 per
472 2447 726 2506 exercitia,
755 2446 1111 2494 laudabantur:
1153 2447 1228 2494 sin
1255 2446 1453 2510 aliquod
1482 2447 1539 2494 iis
1568 2447 1844 2495 membrum
1868 2454 1997 2496 esset

149 2530 408 2579 flaccidum
434 2538 517 2579 aut
544 2531 763 2590 mollius,
798 2531 1156 2579 intumescente
1195 2529 1554 2594 aliquantulum
1582 2538 1629 2578 et
1655 2538 1994 2579 succrescente

150 2628 237 2675 per
274 2612 500 2661 inertiam
539 2614 869 2679 pinguedine,
922 2615 1315 2664 verberabantur
1354 2622 1402 2663 et
1440 2614 1783 2679 puniebantur.
1844 2613 1994 2674 (Ae-

152 2694 300 2742 lian.
342 2695 482 2745 Var.
528 2697 757 2746 histor.
798 2698 932 2756 XIV,
970 2699 1043 2759 7.)

295 2776 483 2827 Aeneas
525 2780 752 2829 Gazaeus
790 2781 839 2827 in
883 2781 1135 2829 Gallandii
1178 2782 1488 2830 Bibliotheca
1528 2790 1746 2829 veterum
1786 2790 1994 2846 patrum.

154 2857 293 2905 Tom.
321 2860 380 2907 X.
409 2879 519 2926 pag.
551 2864 679 2911 644:
710 2857 736 2910 ὁ
768 2862 871 2909 τῶν
897 2862 1328 2925 Λακεδαιμονίων
1359 2866 1637 2925 νομοθέτης
1664 2859 1720 2911 εὖ
1750 2860 1994 2926 ἐβουλεύ-

156 2955 279 2986 σατο
298 2976 308 2995 ,
351 2938 466 2990 οὐδε1
495 2952 600 3000 ταῖς
629 2949 866 3011 γυναιξὶν
894 2942 1069 3012 ἀργεῖν
1099 2947 1404 3012 σιγχοῳών,
1448 2944 1750 3009 ἀλιιτῑοτὲρων
1776 2944 1872 3012 γάρ
1900 2940 1993 2993 ὅν-

156 3040 256 3069 των
293 3026 749 3093 ἑρρωμὲνὲστέρων,
798 3031 1189 3091 ἐρρωμενέστερα
1229 3028 1290 3076 τά
1329 3028 1603 3093 τικτόμενα
1644 3032 1781 3090 φιλεῖ
1819 3034 1993 3095 γίγνει-

157 3109 293 3154 σθαι.
336 3108 865 3165 (Lacedaemoniorum
893 3113 1142 3178 legislator
1169 3115 1352 3162 bonum
1381 3115 1513 3180 cepit
1539 3115 1824 3172 consilium,
1865 3115 2015 3179 quod·

156 3207 248 3238 nec
273 3191 559 3239 mulieribus
598 3196 679 3241 otii
715 3196 875 3243 locum
916 3196 1192 3260 reliquerit;
1231 3197 1267 3243 si
1311 3197 1438 3244 enim
1476 3204 1679 3261 uterque
1709 3214 1888 3261 parens
1916 3214 1990 3245 ro-

156 3273 272 3322 bore
298 3273 452 3332 valet,
495 3275 638 3323 etiam
667 3279 966 3328 robustiores
994 3281 1158 3344 proles
1186 3280 1347 3328 solent
1372 3281 1554 3344 gigni.)
