2114 3642
751 170 968 204 PECUNIA
997 170 1330 203 THEATRALIS.
1853 152 1954 200 247

124 295 285 345 κῶσιν
311 297 358 345 οἱ
386 299 582 357 πένητες
607 295 678 361 τῷ
706 294 998 359 ἀναλώματι
1026 297 1312 352 λυπεῖσθαι,
1341 298 1399 342 ἐκ
1429 292 1524 342 τοῦ
1551 291 1796 358 δημοσίου
1823 296 1957 356 λαμ-

123 378 303 443 βάνειν
327 384 545 430 ἕκαστον
570 378 689 435 τούς
717 378 810 428 δύο
839 376 1071 442 ὀβολούς.

546 465 768 527 (Libanii
795 481 981 528 argum.
1008 463 1059 511 in
1086 463 1339 512 Demosth.
1368 462 1570 529 Olynth.
1599 462 1635 511 I.
1663 480 1710 527 p.
1739 462 1812 521 8.)

987 569 1101 618 982.

266 665 473 715 Venalia
498 673 641 715 sunto
669 666 776 714 loca
802 665 851 713 in
880 664 1100 725 theatro,
1141 673 1194 714 ut
1232 683 1376 714 nemo
1410 665 1502 714 nisi
1529 664 1657 712 binis
1684 662 1842 712 obolis
1869 679 1954 710 nu-

125 750 321 797 meratis
349 750 410 798 ad
438 749 771 814 spectaculum
798 747 1096 796 admittatur.
1126 749 1199 797 Ne
1223 765 1339 797 vero
1367 765 1610 813 pauperes
1637 747 1730 795 hoc
1758 752 1956 810 sumptu

125 833 314 881 onerari
342 832 630 891 videantur,
671 849 696 880 e
723 832 921 897 publico
960 831 1103 880 binos
1144 832 1253 880 illos
1293 832 1463 880 obolos
1501 831 1705 895 quisque
1733 830 1954 894 accipiat.

984 950 1099 999 983.

272 1041 342 1091 Τό
373 1041 630 1106 θεωρικὸν
649 1041 719 1108 μὴ
748 1042 1030 1109 λαμβάνειν
1057 1046 1174 1106 πρὶν
1201 1041 1517 1110 ἐγγραφῆναι
1558 1043 1626 1096 εἰς
1652 1037 1745 1089 τὸν
1773 1037 1956 1089 ἑαυτοῦ

127 1125 303 1190 δῆμον.
916 1128 1202 1191 (Demosth.
1231 1128 1339 1176 adv.
1370 1125 1605 1176 Leochar.
1638 1126 1816 1184 1092.)

979 1236 1095 1284 983.

268 1331 585 1380 Theatralem
612 1331 869 1397 pecuniam
896 1348 1041 1379 nemo
1057 1329 1265 1395 accipiat
1292 1329 1426 1394 prius
1454 1347 1602 1394 quam
1628 1329 1676 1376 in
1704 1345 1845 1376 suum
1872 1345 1957 1393 pa-

125 1432 240 1479 gum
266 1414 528 1479 inscriptus
555 1414 713 1463 fuerit,

982 1485 1098 1533 984.

270 1577 359 1639 Μή
389 1582 561 1638 ἐξέστω
588 1577 671 1637 τῆς
698 1575 1016 1641 ἀποδημοῦσι
1049 1573 1302 1641 θεωρικὸν
1329 1573 1632 1640 λαμβάνειν.

1131 1663 1507 1728 (Harpocrati0:
1551 1656 1820 1723 θεωρικά.)
1849 1682 1854 1685 ’

270 1856 344 1905 Ne
371 1855 518 1904 liceat
543 1854 600 1903 iis
616 1853 885 1904 theoricam
900 1853 1162 1919 pecuniam
1178 1853 1412 1920 accipere,
1443 1853 1522 1918 qui
1538 1868 1745 1918 peregre
1762 1852 1961 1900 abeunt.

991 1976 1107 2024 985.

263 2064 493 2119 ςΟπὸταν
531 2067 745 2132 πόλεμος
770 2063 829 2131 ᾖ,
883 2066 943 2115 τά
991 2065 1226 2131 περιόντα
1270 2064 1506 2130 χρήματα
1552 2064 1636 2124 τῆς
1676 2063 1963 2123 διοικήσεως

132 2152 461 2218 στρατιωτικά
492 2152 632 2204 εἶναι.
1050 2152 1332 2214 (Demosth.
1360 2153 1409 2199 in
1439 2153 1611 2201 Neaer.
1645 2150 1819 2209 1346.)

274 2359 396 2409 Belli
422 2358 724 2425 temporibus
751 2358 938 2423 reliqua
963 2358 1137 2407 aerarii
1165 2357 1374 2423 pecunia
1400 2356 1460 2404 sit
1488 2354 1722 2403 militaris,

282 2570 516 2622 Θάνατον
543 2569 671 2620 εἶναι
697 2571 768 2637 τῷ
808 2569 1065 2639 γράψαντι
1097 2568 1441 2635 μετατεθῆναι
1480 2565 1539 2615 τά
1584 2561 1806 2628 θεωρικά
1839 2561 1968 2626 χρή-

132 2675 268 2720 ματα
298 2658 366 2711 εἰς
391 2653 482 2714 τὴν
509 2652 735 2718 ἀρχαίαν
759 2653 933 2713 τάξιν,
974 2657 1063 2702 καὶ
1090 2657 1328 2721 γενέσθαι
1358 2648 1703 2714 στρατιωτικά.

633 2741 857 2801 (Libanii
883 2758 1070 2805 argum.
1097 2740 1147 2787 in
1172 2738 1426 2787 Demosth.
1456 2734 1656 2800 Olynth.
1684 2736 1720 2785 I.
1750 2735 1824 2794 8.)

992 2847 1108 2895 986.

280 2943 438 2993 Morte
464 2942 752 3004 mulctetur,
794 2943 877 3007 qui
905 2951 1074 2991 auctor
1110 2939 1283 2999 fuerit⁷
1323 2946 1376 2986 ut
1403 2938 1610 3003 pecunia
1638 2935 1890 2986 theatralis
1918 2936 1968 2983 ih

140 3034 358 3076 veterem
384 3027 606 3076 ordinem
633 3032 898 3090 reponatur
926 3026 1104 3088 fiatque
1132 3022 1366 3070 militaris.
