2161 3673
293 276 360 330 84
1026 296 1106 328 ms
1134 284 1411 325 po'ssmcmw'.

432 506 672 557 Ordinum
699 507 870 565 duoeS,
913 503 1185 567 descriptos
1223 500 1462 551 habentes
1503 520 1613 563 eos,
1651 500 1734 567 qui
1766 510 1882 552 sunt
1908 500 1959 552 in
1986 502 2126 552 tabu-

290 589 347 638 lis
387 590 585 638 nomina
622 588 935 637 militantium
974 586 1152 635 civium
1191 586 1587 644 continentibus,
1641 586 1883 635 adnotant
1925 588 2128 636 nomina

291 690 391 721 non
418 673 745 729 venientium,
775 669 906 733 quod
933 676 1117 734 puncto
1144 669 1344 733 signare
1372 678 1591 719 vocatur.

419 857 692 922 Ἵππαρχοι
721 856 770 906 δὲ
799 856 895 907 δύο
923 863 973 917 ἐξ
1001 853 1241 906 ἁπάντων
1273 856 1575 918 Ἀθηναίων
1600 859 1899 922 αἱρεθέντες,
1927 852 2124 925 ἦγὀὗν-

290 962 367 991 ται
393 943 496 990 τῶν
521 939 746 989 ἱππικῶν
769 941 1053 1009 ταγμάτων.

780 1027 984 1088 (Pollux
1015 1026 1150 1088 VIII,
1181 1027 1261 1076 94.
1291 1035 1339 1075 et
1365 1027 1483 1076 Lex.
1513 1026 1715 1092 Seguer.
1744 1045 1790 1092 p.
1819 1026 1977 1085 266.)

1150 1134 1265 1182 343.

425 1214 661 1280 Equitum
684 1216 908 1280 magistri
935 1216 1058 1277 duo,
1090 1234 1149 1266 ex
1176 1216 1405 1266 omnibus
1433 1216 1818 1267 Atheniensibus
1846 1216 2009 1275 electi,
2038 1213 2120 1263 du-

286 1306 400 1347 cunt
425 1298 622 1348 ordines
650 1300 882 1364 equitum.

1144 1372 1259 1420 344.

432 1449 536 1500 Τὸν
572 1453 834 1516 ἵππαρχον
870 1449 990 1508 τούς
1029 1454 1202 1509 ἱππέας
1235 1451 1550 1501 καθιστάναι
1579 1451 1656 1500 δεῖ
1676 1450 1797 1508 τούς
1825 1449 2120 1500 δυνατωτά-

284 1554 401 1591 τους
438 1539 528 1583 >eat
559 1533 785 1600 χρήμασι
822 1539 910 1583 καὶ
952 1533 1208 1599 σώμασιν,
1250 1532 1279 1594 ἢ
1319 1534 1592 1603 εἰσάγοντα
1632 1538 1700 1591 εἰς
1740 1531 2125 1599 δικαστήριονῆ

285 1622 548 1668 πείθοντα.
1003 1620 1332 1686 (Xenophon.
1360 1622 1552 1686 magist.
1581 1621 1798 1685 equitum
1824 1622 1861 1680 Ι,
1891 1621 1979 1680 9.).

425 1812 660 1877 Magister
697 1811 915 1877 equitum
953 1813 1233 1860 necessario
1273 1829 1356 1860 eos
1395 1811 1576 1860 referat
1613 1812 1663 1860 in
1702 1827 1957 1859 numerum
1992 1810 2122 1875 equi-

284 1901 412 1954 tum,
452 1897 533 1960 qui
572 1905 621 1944 et
659 1896 972 1945 facultatibus
1014 1904 1063 1945 et
1089 1896 1274 1944 viribus
1301 1896 1521 1961 eorporis
1548 1903 1828 1962 praestant,
1867 1895 2011 1960 idque
2041 1895 2121 1944 vel

283 1977 334 2025 in
352 1978 434 2043 jus
462 1978 688 2028 vocando
714 1979 794 2027 vel
818 1978 1179 2043 persvadendo.

417 2150 824 2220 Ἀναβιβαστέον
855 2153 926 2219 τῷ
966 2154 1203 2220 ἱππάρχῳ
1248 2156 1449 2213 ἱππέας,
1491 2159 1579 2204 καὶ
1608 2150 1740 2212 ὅπως
1766 2151 2119 2219 ἀναπληρῶται

282 2232 309 2284 ὅ
339 2236 469 2285 κατα
499 2236 591 2286 τὸν
626 2237 791 2301 νόμον
832 2236 1052 2302 ἀριθμὸς
1089 2244 1179 2287 καὶ
1221 2237 1352 2296 ὅπως
1378 2238 1437 2287 τὸ
1468 2236 1535 2288 ὂν
1561 2237 1777 2287 ἱππικὸν
1797 2237 1866 2302 μὴ
1893 2239 2118 2302 μειῶται.

1053 2327 1366 2392 (Xenophon
1395 2326 1615 2390 Magistr-
1644 2326 1792 2391 equit.
1822 2327 1858 2385 I,
1888 2326 1976 2384 2.).

1139 2433 1254 2481 345.

425 2514 625 2580 Equites
650 2517 924 2566 instruendi
961 2523 1075 2565 sunt
1110 2517 1348 2580 magistro
1390 2517 1632 2581 equitum,
1677 2523 1777 2564 tum
1804 2524 1858 2564 ut
1885 2533 2113 2565 numerus

282 2595 390 2663 lege
418 2601 750 2667 praescriptus
779 2601 1110 2666 compleatur,
1151 2608 1256 2648 tum
1297 2617 1358 2648 ne
1392 2600 1497 2664 jam
1537 2607 1650 2648 ante
1679 2600 1914 2649 collectae
1943 2600 2114 2665 copiae

281 2682 575 2733 minuantur.

1139 2755 1255 2804 346.

427 2835 594 2885 Τῶνδε
627 2842 798 2902 μέλειν
838 2835 914 2886 δεῖ
948 2834 1020 2901 τῴ
1060 2836 1323 2900 ἱππάρχῳ·
1366 2836 1569 2900 πρῶτον
1601 2838 1699 2899 μὲν
1739 2834 1871 2892 ὅπως
1908 2838 2113 2884 καλλιε-

282 2914 411 2980 ρὴσει
450 2926 553 2975 τοῖς
594 2926 731 2978 θεοῖς
756 2916 882 2985 ὑπὲρ
909 2919 1000 2969 τοῦ
1028 2920 1275 2978 ἱππικοῦ,
1318 2921 1486 2968 ἔπειτα
1527 2917 1660 2976 ὅπως
1696 2918 1783 2976 τὰς
1824 2917 2024 2984 πομπάς
2059 2924 2115 2968 ἐν

280 3005 387 3054 ταῖς
414 3002 602 3062 ἑορταῖς
630 3001 961 3063 ἄξιοθεάτους
994 3001 1216 3062 ποιήσει,
1259 3004 1331 3051 ἔτι
1372 3000 1419 3051 δέ
1463 3006 1553 3050 καὶ
1591 2998 1752 3051 τᾶλλα
1793 2999 1885 3050 ὅσα
1925 3001 2112 3051 ἐπιδει-

280 3080 467 3130 κνύναι
497 3081 572 3131 δεῖ
594 3085 651 3147 τῇ
681 3085 815 3135 πόλει
844 3084 977 3143 ὅπως
1004 3080 1033 3150 ᾗ
1062 3085 1286 3135 δυνατὸν
1313 3085 1561 3135 κάλλιστα
1600 3085 1859 3144 ἐπιδείξει,
1900 3084 1961 3133 τά
1987 3090 2029 3133 τ’
2057 3090 2112 3134 ἐν

275 3160 564 3229 ’Λκαδημίᾳ
593 3172 680 3215 καὶ
708 3167 767 3216 τά
796 3174 852 3218 ἐν
876 3173 1084 3234 Λυκείῳ
1112 3173 1201 3217 καὶ
1230 3167 1289 3216 τά
1325 3173 1550 3231 Φαληροῖ
1574 3173 1662 3217 καὶ
1692 3167 1750 3216 τά
1779 3173 1834 3216 ε’-ν
1859 3167 1930 3232 τῴ
1957 3170 2108 3216 ἱππο-

280 3246 462 3312 δρόμῳ-
1025 3255 1337 3320 (Xenophon
1366 3255 1559 3319 Magist.
1588 3254 1732 3318 equit.
1761 3254 1849 3311 Ill,
1885 3255 1966 3312 ¹.).

1131 3362 1248 3410 346.

422 3437 652 3501 Equitum
677 3441 912 3503 magistro
940 3441 1057 3492 haec
1084 3461 1189 3493 esse
1219 3460 1368 3493 (turae
1410 3443 1619 3492 debent:
1660 3442 1896 3507 primum,
1936 3449 1990 3491 ut
2014 3460 2105 3507 pro
