2114 3642
529 244 935 277 COMMEN'MRIUS
970 247 1030 276 w
1059 245 1141 280 323.
1170 246 1250 280 324.
1279 244 1360 280 332.
1389 243 1470 280 339.
1503 245 1584 280 340.
1873 233 1974 281 465

916 381 1014 434 Ad
1042 383 1195 436 323.

278 490 490 537 Navium
518 489 766 553 inspector
793 490 1062 537 vocabatur
1091 492 1235 538 etiam
1266 488 1455 546 δίοπος.
1497 491 1699 553 (Pollux
1716 492 1826 553 VII,
1862 492 1973 541 139.

136 571 488 635 Harpocratio,
518 571 824 636 Hesychius,
860 571 1038 620 Suidas
1065 593 1100 620 s.
1130 592 1174 621 v.
1205 572 1421 634 (δίψος.)

278 653 403 702 Vide
431 655 477 701 in
508 654 789 701 universum
818 654 874 701 de
905 655 1274 718 magistratibus
1302 659 1562 707 navalibus
1592 658 1825 707 Boekhii:
1868 657 1972 705 Ur·-

135 737 211 785 ku
230 756 259 785 n
277 738 346 786 de
365 756 396 785 n
426 737 548 784 ‘uber
575 736 660 783 (las
689 735 965 784 Seewesen.
1007 736 1127 802 Cap.
1158 737 1216 785 V.
1245 757 1291 803 p.
1321 740 1543 788 ala-64.

278 819 425 884 Apud
453 818 869 867 Lacedaemonios
910 837 1007 866 non
1050 827 1155 868 erat
1188 821 1360 882 moris,
1403 831 1454 870 ut
1481 823 1607 870 idem
1638 823 1803 871 classis
1832 840 1969 888 prae-

136 903 368 951 fecturam
395 902 470 950 bis
499 901 757 950 obtineret.
814 902 929 962 (Xe
949 920 977 948 11
996 900 1222 964 ephon.
1262 903 1408 951 hist.
1443 922 1526 968 gr.
1556 907 1616 965 ΙΙ,
1650 907 1691 967 1,
1722 906 1794 962 7.)

914 1042 1012 1095 Ad
1041 1044 1192 1096 324.

276 1154 331 1202 In
361 1153 658 1201 Thur-iorum
685 1154 940 1218 republica
966 1156 1044 1203 lex
1074 1162 1196 1215 erat,
1238 1171 1297 1202 ne
1328 1154 1433 1218 quis
1463 1154 1695 1202 exercitui
1723 1163 1973 1220 praeesset

134 1237 224 1284 nisi
253 1237 585 1301 quinquennio
612 1237 904 1286 intermisso,
947 1237 1314 1297 (Aristotel.
1343 1236 1533 1286 Polit.
1562 1237 1622 1299 V,
1655 1238 1699 1300 6,
1730 1238 1803 1297 8.)

913 1376 1012 1429 Ad
1039 1378 1192 1430 332.

264 1482 416 1542 “mog
444 1495 517 1535 est
544 1487 703 1552 ipsum
729 1486 984 1536 Minervae
1012 1488 1323 1536 simulacrum
1355 1489 1429 1537 vel
1459 1488 1713 1554 templum.
1763 1488 1972 1549 (Lexica

132 1570 437 1634 Segueriana
463 1589 508 1636 p.
539 1559 654 1618 246.
697 1570 858 1619 Photii
886 1570 1109 1619 biblioth.
1140 1589 1183 1636 p.
1221 1572 1366 1619 101‘39.
1409 1571 1584 1620 Suidas
1614 1591 1648 1620 s.
1678 1591 1722 1620 v.
1750 1569 1901 1631 ἕδος.)

275 1666 378 1715 Sub
419 1683 588 1714 mensa
630 1683 748 1713 vero
788 1667 873 1714 illa
912 1666 1226 1729 intelligitur,
1270 1669 1344 1715 cui
1386 1667 1765 1731 imponebantur
1793 1668 1972 1732 portio-

132 1767 219 1798 nes
247 1751 556 1799 victimarum
583 1751 633 1797 in
659 1750 900 1799 honorem
930 1750 1062 1798 deae.

916 1889 1014 1941 Ad
1043 1890 1192 1944 339.

277 2000 439 2050 Schol.
480 2000 541 2048 acl
581 2000 840 2065 Sophoclis
869 2000 1067 2065 Ajacem
1104 2020 1147 2047 v.
1179 2001 1305 2048 721:
1353 2003 1546 2062 Kvoc'cog
1585 1997 1643 2047 τὸ
1673 1997 1972 2066 στρατήγιον

135 2078 160 2131 ὃ
183 2081 348 2139 τόπος,
379 2077 430 2138 ὃς
458 2089 560 2137 τοῖς
587 2088 878 2148 στρατηγοῖς
906 2079 1175 2144 ἀφιέρωται
1199 2080 1327 2145 μετὰ
1356 2082 1457 2130 τῶν
1485 2078 1652 2130 ἄλλων
1679 2083 1779 2131 ’τῶν
1806 2079 1970 2146 προῦἡ

126 2165 335 2228 χόντων
373 2163 730 2227 ,θυυλείνεσθαμ
784 2167 1119 2225 (Praetorium
1159 2169 1357 2233 proprie
1400 2176 1473 2215 est
1517 2170 1678 2227 locus,
1734 2169 1815 2232 qui
1855 2168 1971 2216 belli

133 2249 510 2317 imperatori-bus
550 2259 623 2297 est
661 2259 974 2299 consecratus
1014 2251 1075 2298 ad
1114 2251 1328 2298 ineunda
1367 2269 1476 2299 cum
1518 2251 1573 2298 iis
1613 2251 1842 2311 consilia,
1893 2250 1973 2313 qui

133 2335 316 2399 primas
344 2341 513 2382 tenent
540 2336 746 2398 partes.)

917 2412 1015 2465 Ad
1042 2414 1195 2466 340.

276 2524 386 2572 Hoc
421 2532 585 2571 tamen
628 2543 723 2572 non
768 2525 826 2572 de
870 2526 1044 2571 annuis
1085 2525 1313 2587 strategis
1352 2523 1752 2587 intelligendum,
1793 2523 1876 2571 sed
1907 2523 1966 2571 de

135 2608 228 2655 illis
257 2607 337 2670 qui
367 2606 756 2655 extraordinario
785 2607 931 2655 modo
959 2615 1180 2672 tempore
1210 2606 1326 2654 belli
1354 2606 1468 2668 eligi
1496 2606 1735 2654 solebant.

276 2700 466 2748 Aelian.
496 2700 611 2748 Var.
654 2701 777 2749 Hist.
817 2701 951 2759 XIV,
983 2704 1037 2748 5:
1078 2700 1404 2748 Athenienses
1444 2718 1543 2747 non
1582 2701 1740 2747 solum
1781 2701 1971 2749 civibus

132 2784 193 2833 ad
219 2784 535 2847 magistratus
575 2790 623 2830 et
660 2784 867 2848 imperia
902 2784 1093 2832 idoneis
1129 2784 1202 2831 usi
1243 2790 1381 2842 sunt,
1423 2783 1508 2830 sed
1537 2799 1684 2848 saepe
1714 2783 1858 2832 etiam
1886 2802 1969 2849 pe-

134 2867 357 2931 regrinos
397 2867 711 2929 delegerunt,
751 2867 903 2931 iisque
944 2866 1301 2931 rempublicam
1341 2865 1692 2930 permiserunt,
1732 2867 1970 2930 siquidem

136 2967 219 2998 eos
245 2957 470 2998 strenuos
498 2965 603 2996 esse
643 2949 773 2996 viros
815 2950 1161 3012 cognovissent
1190 2956 1237 2997 et
1263 2948 1325 2995 ad
1352 2949 1470 2995 talia
1496 2948 1710 2997 idoneos.
1764 2949 1968 3014 Apollo-

138 3031 310 3080 dorum
336 3031 637 3097 Cyzicenum
663 3048 811 3096 saepe
838 3032 955 3080 belli
983 3032 1157 3079 ducem
1187 3038 1437 3090 crearunt,
1480 3032 1701 3094 quamvis
1729 3040 1858 3080 esset
1883 3049 1967 3097 pe-

137 3114 388 3177 regrinus,
428 3115 541 3163 item
568 3114 882 3162 Heraclidem
909 3114 1291 3162 Clazomenium.
1357 3114 1521 3173 Quum
1554 3115 1683 3162 enim
1710 3132 1760 3164 se
1789 3115 1967 3178 dignos

136 3196 279 3245 laude
312 3199 696 3262 praestitissent,
733 3214 834 3245 non
853 3197 1057 3262 judicati
1087 3203 1201 3244 sunt
1226 3196 1444 3259 indigni,
1473 3197 1554 3262 qui
1583 3196 1968 3246 Atheniensibus

138 3287 433 3343 praeessent.
486 3279 646 3343 Atque
676 3278 738 3326 ob
764 3278 887 3327 haec
912 3279 1111 3327 laudare
1153 3285 1350 3343 oportet
1388 3279 1661 3341 civitatem,
1702 3296 1824 3345 quae
1851 3279 1967 3327 civi-

137 3360 230 3410 bus
257 3361 317 3410 de
344 3379 461 3412 vero
488 3371 535 3412 et
562 3379 718 3427 aequo
758 3361 878 3410 nihil
916 3360 1309 3425 gratificabatur,
1350 3362 1434 3411 sed
1472 3363 1591 3412 illud
1627 3364 1773 3411 etiam
1800 3363 1856 3411 iis
1883 3362 1966 3410 tri-

1633 3446 1688 3486 30
