2161 3673
634 177 945 211 PRAESIDIUM
975 177 1306 212 JUDICloRUM.
1786 160 1884 208 153

191 378 242 429 Si
276 379 382 445 quis
409 378 622 443 aliquem
649 376 947 424 contumelia
972 378 1193 425 affecerit
1219 378 1320 426 sive
1347 393 1552 442 puerum
1580 376 1681 425 sive
1710 376 1879 423 mulie-

50 480 154 512 rem
180 463 281 511 sive
309 463 468 510 virum
492 461 733 525 ingenuos
761 466 845 508 aut
871 477 1068 522 servos,
1110 469 1193 510 aut
1231 461 1415 527 aliquid
1454 460 1647 524 legibus
1685 459 1885 507 interdi-

52 552 184 595 ctum
220 547 269 593 in
308 546 482 594 horum
520 544 733 609 aliquem
771 542 1046 606 admiserit3
1087 561 1197 593 eum
1237 545 1515 609 quicunque
1561 543 1695 590 volet
1734 541 1884 589 Athe-

51 629 319 690 niensium,
361 628 437 676 cui
475 628 616 687 licet,
657 626 848 674 deferat
887 626 1014 690 apud
1054 627 1450 676 Thesmothetas.
1503 625 1886 674 Thesmothetae

50 719 211 762 autem
242 713 485 760 actionem
512 710 643 776 apud
671 710 930 759 Heliaeam
955 710 1072 757 dent
1098 710 1228 758 intra
1256 710 1357 758 dies
1384 710 1602 774 triginta,
1631 709 1692 756 ab
1721 724 1778 755 eo
1808 707 1885 755 die

48 813 142 860 quo
171 795 415 844 accusatio
444 793 593 842 allata
619 793 792 853 fuerit,
834 793 925 840 nisi
966 794 1219 861 publicum
1257 793 1443 861 aliquid
1477 791 1741 861 impediat,
1783 798 1884 838 tum

48 895 167 926 vero
195 886 249 926 ut
274 878 482 943 primum
512 877 615 925 fieri
650 876 844 942 poterit.

178 1016 428 1078 ’Ἔνδειξις
457 1021 579 1067 ἴστω
609 1017 728 1082 πρὸς
755 1016 874 1075 τούς
905 1022 1247 1083 θεσμοθέτας,
1289 1018 1378 1067 ἐάν
1404 1039 1475 1074 τις
1503 1015 1634 1081 ἄρχῃ
1664 1016 1888 1079 ὀφείλων

47 1102 120 1167 τῷ
149 1101 371 1167 δημοσίῳ
390 1119 399 1128 ·
440 1104 486 1150 οἱ
515 1101 563 1149 δὲ
596 1107 904 1165 θεσμοθέται
932 1101 1050 1158 τούς
1086 1101 1441 1163 ἐνδειχθέντας
1481 1101 1792 1168 εἰσαγόντων
1819 1105 1886 1158 εἰς

47 1184 105 1234 τὸ
134 1184 473 1249 δικαστήριον.
934 1187 1212 1248 (Demosth.
1241 1205 1278 1235 c.
1307 1187 1570 1235 Timocrat.
1601 1187 1744 1247 707.)

914 1294 1030 1342 620.

189 1368 357 1416 Liceat
383 1368 626 1416 actionem
652 1365 961 1414 iudicationis
988 1366 1243 1414 instituere
1271 1366 1402 1430 apud
1430 1366 1807 1415 Thesmothetas⁴
1834 1368 1883 1414 in

46 1452 313 1509 aerarium,
347 1450 428 1514 qui
451 1451 792 1514 magistratum
818 1449 1041 1512 gesserit.
1095 1448 1481 1498 Thesmothetae
1509 1457 1674 1498 autem
1701 1450 1881 1498 indica-=

47 1543 123 1585 tos
151 1533 466 1583 introducant
490 1534 540 1580 in
560 1533 818 1598 judicium.

912 1605 1028 1652 621.

182 1684 312 1735 Ἐάν
336 1706 408 1743 τις
434 1685 537 1735 τῶν
564 1683 878 1747 ὀφειλόντων
905 1686 976 1750 τῴ
1006 1685 1229 1751 δημοσίῳ
1251 1684 1321 1750 μή
1353 1690 1554 1744 ἐκτίσας
1592 1685 1649 1735 τὸ
1680 1682 1886 1750 ὄφλημα

46 1771 104 1835 τῇ
144 1768 283 1819 πόλει
322 1770 629 1833 ἐξαλειφθῇ,
682 1768 812 1819 εἶναι
864 1775 978 1818 κατ’
1020 1767 1183 1818 αὐτοῦ
1232 1769 1318 1826 τάς
1371 1769 1568 1837 γραφάς
1610 1769 1730 1834 πρὸς
1769 1769 1886 1827 τούς

50 1858 366 1919 θεσμοθέτας
392 1854 484 1903 τοῦ
514 1851 787 1922 ἀγραφίου.
890 1857 1171 1917 (Demosth.
1199 1875 1237 1906 c.
1267 1856 1528 1906 Theocrin.
1563 1857 1739 1916 1338)

913 1964 1028 2013 621.

189 2035 240 2084 Si
268 2037 375 2101 quis
402 2036 589 2085 aerario
626 2035 912 2085 debentium
950 2053 1048 2084 non
1088 2037 1248 2086 soluto
1276 2037 1577 2102 reipublicae
1606 2037 1772 2086 debito
1802 2036 1882 2085 de-

47 2120 231 2179 leatur,
279 2120 420 2168 detur
457 2119 506 2167 in
549 2137 658 2167 eum
697 2119 824 2168 actio
866 2120 1078 2169 nominis
1117 2138 1216 2169 non
1262 2120 1429 2186 scripti
1472 2120 1603 2186 apud
1647 2120 1885 2168 Thesmo-

45 2203 220 2252 thetas.

908 2276 1022 2324 622.

194 2361 310 2413 Τοῖς
337 2356 573 2420 ἐμπόροις
600 2360 689 2404 καί
715 2364 816 2413 τοῖς
847 2357 1148 2423 ναυκλήροις
1176 2357 1301 2407 έῖιάι
1333 2357 1419 2414 τὰς
1449 2357 1595 2414 δίκας
1624 2356 1742 2420 πρὸς
1770 2355 1885 2413 τούς

50 2444 401 2504 θεσμοθέτας,
445 2438 539 2489 ἐάν
579 2460 625 2487 τι
666 2438 948 2490 ἀδικῶνται
987 2447 1042 2490 ἐν
1081 2443 1152 2506 mg]
1192 2446 1447 2507 ἐμπορίῳ,
1490 2439 1517 2500 ἢ
1556 2440 1764 2489 ἐνθένδε
1800 2461 1883 2488 ποι

48 2529 303 2582 πλέοντες,
346 2520 374 2582 ἢ
401 2526 645 2587 ἑτέρωθεν
673 2522 838 2588 δεῦρο.
928 2529 1209 2588 (Demosth.
1238 2528 1347 2576 adv.
1376 2527 1743 2592 Apatur.892.)

914 2636 1029 2682 622.

188 2706 545 2755 Mercatoribus
573 2714 620 2754 et
647 2707 961 2756 naviculariis
1001 2707 1125 2756 actio
1161 2708 1305 2755 datur
1332 2706 1464 2771 apud
1493 2706 1885 2762 Thesmothetas,

47 2788 85 2836 si
112 2806 206 2853 qua
232 2789 409 2854 injuria
435 2789 714 2838 afficiantur
739 2790 842 2839 sive
870 2790 984 2839 hinc
1012 2791 1107 2839 alio
1138 2790 1430 2852 navigantes
1447 2789 1547 2837 sive
1565 2789 1758 2838 aliunde
1776 2790 1883 2839 huc,

912 2899 1027 2946 623.

195 2976 309 3025 Τῶν
340 2975 599 3039 Ἀθήνῃσι
629 2980 959 3042 συμβολαίων
999 2976 1085 3034 τας
1127 2977 1272 3032 δίκας
1310 2976 1439 3025 έῖναι
1468 2976 1589 3042 πρὸς
1615 2977 1734 3036 τούς
1763 2983 1884 3027 θεσ-

43 3064 279 3121 μοθέτας.
839 3064 1120 3125 (Demosth.
1149 3063 1258 3111 adv.
1287 3064 1567 3113 Phormion.
1599 3066 1741 3125 920.)

909 3171 1022 3218 623.

189 3239 546 3289 Contractuum
586 3240 792 3291 Athenis
833 3244 1077 3291 factorum
1116 3241 1330 3291 actiones
1367 3243 1545 3292 dentur
1572 3245 1702 3310 apud
1730 3245 1882 3293 Thes-

49 3321 303 3370 mothetas.
