2114 3642
236 197 335 243 554
769 206 1175 243 COMMENTARIUS
1203 205 1274 238 AD
1303 203 1408 239 1070.
1439 204 1542 239 1071.

995 353 1095 406 Ad
1132 353 1321 406 1070.

374 472 536 521 Lexic.
580 470 792 532 Seguer.
847 466 947 513 217
972 484 980 513 ε
1047 458 1077 508 οἱ
1096 481 1171 510 να
1189 481 1263 524 υμ
1286 481 1365 524 αχ
1383 465 1398 510 ι’
1416 483 1441 509 0
1462 482 1489 510 υ
1521 482 1525 485 ·
1582 461 1711 520 εἶδος
1764 462 2077 531 ἐγκλήματος

233 572 323 600 και
353 554 550 614 ἓξημίας·
589 547 749 611 ὥσπερ
789 546 886 615 γάρ
926 546 1017 595 τοὺ
1055 544 1127 609 μή
1159 544 1520 609 στρατεύεσθαι
1552 550 1641 594 καὶ
1670 547 1764 595 τοῦ
1795 551 1959 597 λιπεῖν
1985 547 2078 607 τήν

231 634 376 694 τάξιν
402 638 489 681 καὶ
518 632 610 681 τοὺ
641 630 701 679 τά
731 629 863 679 ὅπλα
890 629 1173 693 ἀποβαλεῖν
1216 633 1380 692 ζημίαι
1428 626 1553 688 ἦσαν
1589 625 1859 693 (ὅρισιιιέναι
1888 636 1947 680 ἐκ
1976 632 2077 680 τῶν

233 717 430 780 νόμων,
484 713 619 764 οὕτω
661 718 751 762 καὶ
791 715 883 763 τοῦ
919 713 988 777 μὴ
1040 712 1391 776 ναυμαχῆσαι·
1445 718 1534 761 καὶ
1574 713 1729 762 τοῦτο
1770 713 1827 762 τὸ
1870 712 2075 778 ὄφλημα

229 799 558 863 ἀναιζιιαχίου
605 802 850 849 ἐκαλεῖτο.
919 796 1313 860 (Αναυμαχίου
1353 808 1424 847 est
1463 818 1620 864 genus
1662 801 1989 849 accusationis
2030 808 2076 849 et

229 904 432 951 poenae.
486 885 914 946 Quemadmodum
942 884 1071 933 enim
1100 884 1163 932 ob
1191 884 1470 947 neglectam
1498 884 1721 933 militiam
1750 891 1798 931 et
1825 885 2073 933 desertum

227 970 447 1018 ordinem
476 978 524 1018 et
551 970 746 1034 abjecta
778 986 913 1018 arma
942 984 1134 1033 poenae
1163 975 1304 1016 erant
1330 967 1520 1030 legibus
1547 967 1806 1029 definitae3
1833 969 1902 1017 ita
1927 968 2075 1017 etiam

227 1054 290 1101 ob
319 1054 601 1116 neglectam
628 1070 849 1119 pugnam
876 1051 1131 1105 navalem:
1171 1057 1219 1100 et
1246 1050 1367 1099 haec
1395 1051 1579 1103 mulcta
1606 1052 1880 1100 vocabatur
1908 1047 2072 1099 ἀναυ-

223 1137 467 1196 μαχίου.)

368 1231 513 1296 Apud
541 1230 966 1279 Lacedaemonios
993 1247 1188 1294 quoque
1216 1247 1245 1278 a
1273 1246 1442 1294 pugna
1468 1230 1728 1278 Leuctrica
1762 1230 1840 1279 lex
1860 1230 2074 1295 jubebat

221 1315 493 1378 ignominia
534 1331 704 1363 omnes
745 1313 902 1372 affici,
944 1313 1025 1376 qui
1052 1312 1393 1377 trepidassent.
1444 1312 1629 1378 Ephori
1658 1320 1819 1361 autem
1847 1313 2071 1362 videntes

223 1400 393 1448 urbem
434 1399 651 1447 virorum
693 1414 936 1453 vacuam,
989 1397 1311 1460 ignominiam
1350 1398 1493 1445 istam
1533 1398 1732 1446 abolere
1772 1405 2070 1453 statuerunt,

224 1483 554 1547 Agesilaoque
582 1482 706 1545 legis
734 1481 1020 1529 condendae
1061 1481 1404 1529 auctoritatem
1444 1480 1740 1529 detulerunt.
1793 1481 1887 1530 Hic
1924 1481 2072 1544 igitur

224 1584 515 1632 progressus
542 1566 592 1615 in
620 1565 900 1630 publicum:
941 1564 1132 1622 Jubeo,
1161 1563 1344 1628 inquit,
1373 1564 1509 1626 leges
1537 1581 1565 1611 a
1592 1565 1807 1613 crastina
1834 1564 1910 1612 die
1941 1571 2070 1612 ratas

227 1667 345 1698 esse.
401 1648 773 1709 (Plutarch.
814 1649 915 1711 reg.
959 1654 1004 1696 et
1043 1647 1157 1712 imp.
1199 1647 1551 1713 apophthegm.
1591 1666 1637 1713 p.
1685 1648 1796 1695 191.
1837 1666 1872 1696 s.
1914 1646 2069 1712 Age-

224 1734 318 1782 sil.
363 1734 471 1793 10.)

366 1827 511 1893 Apud
553 1829 748 1878 eosdem
790 1828 1063 1892 ignominia
1108 1828 1435 1887 notabantur,
1490 1829 1569 1892 qui
1612 1829 1842 1893 clypeum
1883 1828 2068 1877 amisis-

224 1920 357 1969 sent,
396 1930 494 1960 non
522 1912 636 1961 item
663 1913 743 1976 qui
772 1913 964 1976 galeam
993 1917 1076 1960 aut
1102 1911 1379 1967 thoracem;
1420 1912 1558 1976 quia,
1600 1918 1652 1960 ut
1678 1913 1972 1961 Demaratus
2001 1912 2067 1960 di-

223 1997 317 2050 xit,
347 1995 468 2044 haec
495 1996 567 2044 sui
595 1997 816 2061 ipsorum
843 2014 991 2044 causa
1016 2003 1228 2060 gestant,
1258 1996 1492 2061 clypeum
1519 2002 1684 2044 autem
1711 2003 1913 2062 propter
1938 2014 2066 2045 com-

224 2097 419 2128 munem
460 2080 695 2130 ordinem.
761 2084 784 2140 (
802 2081 870 2129 Pl
890 2089 954 2129 ut
970 2097 998 2129 a
1012 2099 1034 2128 r
1050 2097 1075 2129 c
1094 2080 1138 2128 h.
1186 2079 1539 2145 apophthegm.
1587 2080 1744 2128 lacon.
1788 2098 1833 2145 p.
1876 2081 1991 2128 220.
2032 2099 2065 2128 s.

226 2165 545 2212 Demarat.
582 2165 655 2223 2.)

366 2259 658 2309 Charondas
686 2261 812 2310 hanc
837 2259 996 2326 legem
1025 2261 1136 2309 tulit
1164 2267 1336 2309 contra
1375 2261 1629 2325 signorum
1670 2260 1990 2326 ordinumque
2018 2261 2067 2309 in

223 2343 365 2392 bellis
393 2343 682 2403 desertores,
710 2352 794 2393 aut
820 2362 956 2393 arma
982 2364 1072 2410 pro
1100 2345 1286 2410 patriae
1314 2343 1468 2392 tutela
1497 2343 1694 2391 omnino
1723 2343 2065 2402 detrectantes,

223 2433 275 2473 ut
298 2425 520 2474 muliebri
563 2428 742 2476 vestitu
782 2428 944 2477 amicti
983 2429 1200 2477 triduum
1226 2429 1275 2475 in
1303 2429 1409 2476 foro
1439 2427 1731 2476 desiderent.
1783 2428 1922 2488 Quae
1952 2444 2063 2475 con-

225 2509 408 2558 stitutio
436 2527 586 2575 quum
615 2511 751 2575 leges
779 2512 895 2561 alibi
924 2513 1135 2562 sancitas
1163 2512 1465 2560 humanitate
1508 2518 1750 2577 praestat,
1792 2518 1895 2559 tum
1923 2510 2062 2559 dissi-

224 2593 468 2641 mulanter
494 2595 663 2658 probri
693 2595 1032 2659 magnitudine
1073 2595 1313 2661 ejusmodi
1355 2595 1556 2660 ingenio
1584 2594 1832 2660 praeditos
1861 2595 1922 2643 ab
1950 2595 2063 2643 effe·

225 2676 406 2724 minata
444 2677 648 2726 mollitie
688 2677 915 2728 deterret.
969 2680 1078 2727 Hoc
1116 2685 1374 2744 praeterea
1412 2679 1616 2727 oonsilio
1651 2695 1760 2726 reos
1793 2678 1936 2727 morti
1965 2696 2063 2726 non

226 2759 434 2819 addixit,
479 2767 530 2808 ut
557 2761 617 2809 ad
646 2762 832 2810 futuras
860 2762 1100 2812 bellorum
1139 2763 1459 2812 necessitates
1498 2761 1604 2810 illos
1633 2762 1816 2811 civitati
1845 2777 2063 2810 reserva-

227 2849 326 2901 ret,
364 2844 541 2892 rectius
582 2845 708 2894 haud
751 2846 897 2894 dubie
926 2854 1041 2911 post
1067 2847 1334 2911 irrogatam
1362 2846 1666 2909 ignominiae
1694 2845 1929 2894 mulctam
1956 2863 2063 2894 sese

225 2932 475 2986 gesturos,
529 2934 576 2976 et
616 2946 867 2994 aspersam
906 2929 1159 2978 dedecoris
1200 2930 1441 2979 maculam
1483 2930 1613 2978 omni
1656 2928 1848 2977 virtutis
1885 2935 2064 2978 conatu

227 3007 452 3057 eluturos.
494 3013 563 3071 (D
579 3012 592 3059 i
611 3031 638 3061 o
655 3012 684 3061 d
700 3030 728 3061 o
744 3030 779 3061 r.
813 3014 925 3071 XII,
964 3012 1070 3072 16.)

992 3165 1090 3219 Ad
1118 3167 1293 3219 1071.

369 3269 544 3319 Suidas
566 3272 916 3322 λειποναῦται·
946 3271 1064 3330 τούς
1092 3272 1225 3321 κατά
1254 3272 1343 3333 τὴν
1362 3270 1585 3323 “Ελλάδα
1614 3273 1945 3331 λειποναύτας
1973 3295 2058 3342 ye-

228 3348 438 3419 γονὸτας
466 3348 794 3415 ἀναζητῆσαι,
835 3360 923 3406 καὶ
951 3355 1038 3414 τὰς
1058 3364 1232 3422 χεῖρας
1269 3355 1534 3423 ἀποκόψαι
1577 3356 1793 3408 πάντων.
1849 3362 2056 3425 (Deser-
