2114 3642
766 244 1174 278 COMMENTARiUs
1201 245 1270 278 AD
1299 244 1331 278 4.
1361 244 1393 278 5.
1896 233 1993 281 411

305 373 630 437 Praecipuum
668 378 830 420 tamen
872 388 1061 436 poenae
1112 375 1259 422 finem
1302 374 1520 423 declarat
1554 373 1695 422 Plato
1735 375 1785 423 in
1827 376 2001 425 eodem

166 456 355 519 Gorgia
382 459 459 520 (p.
488 455 616 515 478)
659 455 1001 503 liberationem
1041 475 1069 504 a
1107 458 1379 522 pravitate,
1421 476 1449 506 a
1477 458 1689 506 maximo
1729 457 1872 507 malo.
1930 455 1999 504 Τὸ

164 536 316 595 δίκην
355 534 581 595 διδόναι,
630 538 878 603 μεγίστου
929 537 1103 585 κακοῦ
1147 534 1445 605 ἀπαλλαγὴ,
1498 540 1752 603 πονηρίας.
1816 541 1877 590 Et
1915 541 1996 606 qui

163 629 295 671 recte
335 622 571 687 puniunt,
615 621 808 686 justitia
847 622 1058 685 quadam
1097 629 1292 672 utentes
1323 624 1559 688 puniunt,
1602 624 1715 689 quia
1742 640 1904 690 poena
1928 624 2000 672 in-

163 706 540 771 temperantiam
568 712 616 754 et
647 705 935 770 injustitiam
975 713 1183 755 amovet.
1234 706 1517 756 Moderatur
1544 708 1673 757 enim
1700 715 1748 757 et
1765 708 2002 773 justiores

163 789 340 850 efficit,
368 795 515 852 atque
542 788 786 837 medicina
810 788 1050 853 quaedam
1079 790 1133 838 fit
1159 789 1501 854 improbitatis.
1553 790 1875 855 Σωφρονίζει
1910 792 2001 836 καὶ

165 869 510 933 δικαιοτέρους
538 876 672 918 ποιεῖ
695 871 786 916 καὶ
816 867 1017 934 ἰατρικὴ
1060 873 1288 937 γίγνεται
1328 874 1569 935 πονηρίας
1596 867 1620 931 ἦ
1652 870 1783 931 δίκη.
1834 875 2004 923 Poena

162 957 313 1019 igitur
341 955 409 1016 (L
426 972 513 1018 eg.
542 955 670 1014 934)
712 972 813 1004 non
839 954 1082 1019 irrogatur
1109 954 1416 1020 delinquenti
1444 964 1645 1022 propter
1672 957 2002 1018 malefactum,

163 1039 345 1087 factum
384 1038 515 1087 enim
552 1038 791 1087 infectum
832 1038 935 1086 fieri
973 1055 1228 1102 nunquam
1267 1046 1429 1103 potest
1469 1034 1557 1099 (οὐ
1587 1035 1682 1104 γάρ
1708 1036 1766 1086 τὸ
1794 1037 2004 1105 γεγονὸς

165 1118 413 1188 ἀγένητον
439 1121 575 1168 ἔσται
603 1123 763 1182 ποτέ),
805 1121 891 1170 sed
930 1128 984 1170 ut
1021 1122 1071 1169 in
1110 1128 1365 1187 posterum
1402 1122 1690 1188 injustitiam
1730 1130 1778 1171 et
1815 1124 1921 1189 ipse
1956 1132 2006 1173 et

164 1207 247 1271 qui
276 1224 386 1256 eum
412 1223 574 1272 poena
600 1205 731 1254 affici
759 1204 957 1266 vident,
999 1205 1078 1254 vel
1106 1204 1300 1254 oderint
1325 1205 1522 1271 penitus
1550 1207 1631 1255 vel
1659 1224 1839 1270 magna
1865 1215 2004 1273 parte

165 1291 270 1356 ejus
298 1291 411 1340 mali
439 1292 680 1340 leventur.

308 1373 465 1424 Simili
493 1375 639 1424 modo
664 1375 837 1439 Lysias
881 1378 948 1435 (c.
978 1373 1306 1424 Alcibiad.
1334 1377 1375 1437 I,
1404 1372 1447 1441 ξ.
1480 1376 1571 1435 12)
1606 1376 1893 1438 arbitratur,
1926 1378 2003 1442 ju-

165 1458 297 1508 dices
327 1459 517 1524 judicia
557 1477 782 1510 exercere
822 1477 921 1507 non
959 1458 1116 1508 solum
1142 1477 1312 1509 eorum
1340 1478 1513 1523 causa,
1554 1462 1637 1525 qui
1665 1461 2003 1525 deliquerunt,

165 1557 335 1591 verum
362 1544 508 1592 etiam
535 1550 588 1593 ut
614 1550 801 1592 ceteros
841 1543 923 1608 qui
962 1550 1136 1592 contra
1173 1544 1295 1608 legis
1335 1545 1695 1610 praescriptum
1723 1552 1903 1609 agunt,
1942 1544 2004 1594 ad

164 1626 456 1677 modestiam
482 1635 729 1678 revocent.

993 1695 1092 1748 Ad
1131 1697 1191 1749 5.

309 1806 592 1856 Secundum
633 1807 835 1857 Suidam
876 1806 1219 1856 Gennetae
1260 1813 1529 1868 vocantur,
1572 1825 1671 1855 non
1713 1808 1794 1872 qui
1822 1825 2004 1872 cogna-

166 1891 298 1938 tione
326 1897 374 1938 et
400 1890 640 1954 sanguine
672 1891 832 1956 juncti
874 1898 1014 1951 sunt,
1055 1888 1139 1938 sed
1177 1889 1400 1938 membra
1440 1890 1737 1939 familiarum
1764 1892 2005 1952 civilium,

166 1975 214 2022 in
255 1991 375 2038 quas
415 1974 577 2022 curiae
617 1973 906 2023 distributae
949 1980 1103 2022 erant.
1156 1973 1221 2021 Hi
1256 1991 1372 2022 vero
1401 1973 1512 2037 lege
1540 1975 1825 2024 societatem
1856 1992 2005 2040 quan-

168 2057 281 2106 dam
306 2057 431 2105 inter
456 2074 507 2105 se
534 2057 814 2119 habebant,
849 2064 903 2106 ut
928 2056 1195 2122 populares
1224 2064 1271 2104 et
1298 2056 1515 2106 curiales.
1569 2058 1815 2117 Quattuor
1840 2065 2005 2107 autem

166 2141 321 2190 tribus
348 2142 595 2203 fecerunt,
637 2148 689 2190 ut
719 2141 1029 2190 imitarentur
1066 2147 1294 2205 quattuor
1334 2142 1448 2189 anni
1476 2149 1724 2208 tempora,
1764 2144 2006 2209 phratrias

167 2242 285 2273 vero
313 2230 360 2272 et
386 2225 578 2290 trittyas
607 2224 879 2286 duodecim,
910 2232 964 2273 ut
989 2242 1248 2273 numerum
1275 2225 1534 2275 duodecim
1560 2227 1802 2275 mensium
1828 2244 2005 2292 aequa—

168 2315 290 2357 rent.
343 2293 578 2372 Singulae
618 2299 736 2358 vero
775 2310 937 2358 curiae
976 2308 1230 2358 habebant
1266 2326 1452 2373 genera
1490 2310 1717 2373 triginta,
1758 2310 1827 2357 ita
1866 2317 1919 2357 ut
1947 2305 2006 2374 {in

167 2409 317 2440 unam
343 2409 580 2441 summam
608 2392 812 2443 collecta
838 2393 1100 2458 implerent
1125 2409 1383 2441 numerum
1412 2393 1532 2452 360,
1573 2400 1692 2457 quot
1718 2392 1820 2441 dies
1846 2408 2003 2441 annus

168 2474 333 2524 habet.
393 2474 647 2525 Gennetas
687 2476 1010 2526 Philochorus
1049 2476 1375 2526 collactaneos
1416 2469 1850 2542 (ὁμογάλακτας)
1891 2475 2007 2525 olim

169 2559 446 2624 appellatos
479 2560 638 2609 tradit.
691 2562 860 2612 Isaeus
899 2569 1062 2610 tamen
1104 2560 1357 2610 Gennetas
1396 2560 1787 2623 consanguineos
1826 2559 2005 2624 simpli-

167 2643 286 2693 citer
313 2650 471 2692 vocat.

311 2725 543 2776 Suidas
570 2726 736 2776 scribit
763 2745 798 2777 s.
828 2746 872 2776 v.
902 2726 1117 2789 φατρίαι
1148 2726 1330 2775 Tribus
1358 2726 1670 2775 dividebatur
1697 2726 1746 2774 in
1775 2733 2005 2792 quattuor

169 2818 361 2878 partes,
400 2828 525 2875 quae
566 2817 803 2875 quaterna
842 2811 957 2858 anni
997 2817 1218 2874 tempora
1243 2810 1490 2858 referrent.
1544 2810 1734 2858 Harum
1762 2827 2006 2876 unaquae-

171 2915 264 2962 que
292 2895 604 2945 dividebatur
630 2895 680 2943 in
707 2903 806 2945 tres
833 2903 1023 2961 partes:
1065 2901 1117 2943 ut
1145 2903 1305 2944 essent
1331 2901 1495 2960 partes
1524 2893 1802 2956 duodecim,
1831 2911 2004 2943 secun-

171 2980 284 3029 dum
325 2978 584 3029 duodecim
622 2996 815 3029 menses
857 2979 983 3028 anni.
1037 2979 1138 3029 Eae
1182 2984 1344 3027 autem
1384 2977 1690 3027 vocabantur
1729 2978 1919 3045 trittyes
1960 2986 2007 3028 et

172 3062 405 3127 phatriae.
1003 3068 1008 3072 ’

314 3147 454 3196 Idem
481 3165 516 3195 s.
544 3163 587 3194 v.
617 3147 879 3209 φρατέρεςε
919 3144 1146 3194 Phratria
1172 3151 1244 3193 est
1269 3146 1412 3194 tertia
1438 3161 1552 3211 pars
1577 3146 1747 3194 tribus.
1803 3144 2005 3194 Phrato-

175 3247 250 3279 res
277 3247 393 3279 vero
421 3231 672 3289 dicuntur,
712 3230 791 3295 qui
818 3236 930 3278 sunt
957 3227 1172 3293 ejusdem
1199 3228 1445 3292 phratriae
1471 3229 1750 3295 participes

318 3312 599 3363 Secundum
638 3312 969 3362 Pollucem
1008 3310 1175 3373 (VIII,
1208 3312 1361 3374 111),
1403 3330 1551 3378 quum
1579 3319 1788 3378 quatuor
1815 3319 2005 3360 tantum

175 3397 329 3447 tribus
356 3405 543 3461 essent,
571 3398 621 3448 in
648 3405 809 3448 ternas
835 3403 1000 3463 partes
1027 3393 1245 3461 singulae
1274 3394 1647 3460 dividebantur3
1675 3403 1721 3445 et
1747 3395 1866 3444 haec
1892 3410 2006 3462 pars
