2114 3642
516 205 923 238 coMMENTARms
953 205 1018 235 AD
1046 202 1126 238 973.
1158 204 1239 237 975.
1267 203 1347 236 980.
1377 203 1458 235 982.
1796 190 1896 237 543

847 350 947 403 Ad
983 353 1133 404 9⁷3.

201 461 567 526 Xenophon
596 461 654 507 de
683 460 915 523 magistro
946 460 1093 524 equit.
1123 461 1160 521 I,
1194 461 1283 507 19:
1324 458 1643 509 Commodum
1672 460 1720 508 id
1748 462 1894 508 etiam

60 546 110 593 in
137 545 423 593 memoriam
450 543 698 601 revocari,
740 543 868 606 quod
911 544 1080 590 civitas
1108 544 1157 590 in
1186 544 1452 607 equitatum
1478 544 1538 592 ad
1567 543 1897 607 quadraginta

59 627 244 676 talenta
282 627 543 692 quotannis
584 625 861 689 impendat,
901 633 982 685 ut,
1023 626 1062 672 si
1103 625 1281 674 belluni
1324 627 1527 685 existat,
1569 627 1812 690 equitatus
1852 626 1893 672 ei

60 710 372 775 quaerendus
399 727 499 757 non
527 709 613 769 sit,
654 709 739 757 sed
778 710 827 756 in
869 717 1099 773 promptu
1137 708 1344 767 habeat,
1388 726 1482 772 quo
1521 710 1756 757 instructo
1786 727 1894 773 pos-

58 794 118 841 sit
154 794 235 842 uti.

837 860 936 912 Ad
966 861 1117 912 975.

195 969 271 1019 11Ιί
312 970 500 1034 equites
539 970 907 1032 intelliguntur,
949 970 1031 1034 qui
1069 969 1274 1032 triginta
1312 968 1530 1032 tyrannis
1569 969 1891 1017 serviverant.

52 1053 110 1099 In
139 1053 312 1116 regula
337 1049 643 1105 κατάστασις
670 1070 769 1100 non
796 1052 1158 1100 restituebatur.
1201 1050 1276 1100 Of.
1305 1051 1540 1099 Boeckhii
1570 1050 1717 1114 Corp.
1742 1053 1892 1100 Inscr.

54 1133 227 1183 Graec.
257 1135 397 1184 Tom.
427 1137 462 1185 Ι.
491 1155 537 1200 p.
570 1136 668 1182 119
698 1142 744 1184 et
773 1135 888 1183 896.

835 1274 936 1326 Ad
967 1276 1117 1327 980.

193 1384 524 1433 Plutarch.
566 1384 844 1449 reipubl.
885 1383 1148 1446 gerend.
1191 1390 1553 1448 praecepta
1579 1382 1700 1429 XV:
1745 1381 1891 1429 Athe-

49 1467 123 1513 nis
152 1466 421 1516 Salaminia
447 1469 588 1516 navis
617 1476 664 1516 et
692 1468 895 1515 Paralus
922 1485 1020 1514 non
1047 1467 1263 1531 cujusvis
1302 1465 1517 1529 negotii,
1559 1465 1643 1513 sed
1672 1482 1890 1513 necessa-

51 1550 233 1597 riorum
260 1558 451 1598 tantum
478 1567 535 1598 ac
562 1568 856 1613 magnorum
883 1550 1030 1598 causa
1058 1549 1437 1597 deducebantur.

191 1645 397 1694 Paralus
438 1646 582 1693 etiam
624 1645 766 1693 Delia
806 1646 1088 1693 vocabatur.
1152 1644 1362 1692 Tardius
1406 1651 1503 1690 tres
1543 1643 1736 1691 additae
1781 1651 1895 1690 sunt

50 1746 227 1776 naves:
269 1727 562 1791 Antigonis,
607 1728 869 1776 Ptolemais
911 1735 958 1774 et
1003 1727 1295 1777 Ammonias.
1351 1725 1426 1773 Cf.
1470 1726 1650 1773 Lexica
1690 1725 1889 1788 Seguer.

48 1829 92 1874 p.
123 1811 238 1858 267.
281 1811 443 1858 Schol.
473 1812 520 1857 in
549 1811 802 1858 Demosth.
834 1810 948 1858 Mid.
980 1810 1095 1869 570,
1126 1810 1170 1857 3.

836 1961 935 2013 Ad
964 1963 1114 2014 982.

190 2074 237 2122 H
254 2091 280 2120 a
295 2091 485 2138 rpocr
501 2074 661 2121 atio:
707 2068 931 2134 (θεωρικά
974 2073 1192 2137 pecunia
1232 2072 1472 2136 quaedam
1508 2079 1611 2120 erat
1638 2072 1837 2137 publica
1864 2091 1888 2120 e

48 2157 260 2204 civitatis
287 2158 527 2205 reditibus
557 2157 788 2217 collecta,
830 2174 953 2220 quae
990 2157 1125 2221 prius
1154 2156 1214 2204 ad
1243 2174 1358 2203 usus
1384 2156 1586 2203 bellicos
1614 2156 1887 2220 reponeba-

46 2248 123 2287 tur
151 2248 197 2288 et
222 2240 447 2288 militaris
474 2240 754 2299 dicebatur,
796 2240 879 2287 sed
917 2247 1093 2304 postea
1120 2240 1168 2287 in
1197 2239 1420 2304 publicos
1449 2247 1716 2304 apparatus
1744 2247 1791 2286 et
1818 2239 1885 2286 di-

46 2324 365 2371 stributiones
394 2323 765 2382 conferebatur,
808 2339 1014 2387 quarum
1042 2330 1214 2370 auctor
1241 2323 1329 2369 fuit
1361 2322 1628 2386 Agyrrliius
1658 2322 1886 2384 demago-

45 2424 151 2469 gns.
180 2405 411 2454 Ceterum
437 2407 756 2454 Philochorus
785 2407 906 2455 libro
934 2405 1309 2454 tertioAtthidis
1337 2405 1528 2453 scribit:
1562 2405 1724 2466 „Olim
1753 2423 1886 2453 more

47 2497 301 2554 receptum
329 2497 457 2549 erat,
485 2496 539 2536 ut
566 2490 801 2538 drachma
828 2489 1085 2554 spectandi
1111 2506 1258 2536 causa
1291 2489 1587 2548 solveretur,
1623 2504 1745 2551 quae
1771 2488 1885 2537 inde

46 2573 193 2620 etiam
233 2572 450 2620 theorica
488 2571 877 2637 appellabatur.“
933 2571 1154 2619 Philinus
1196 2588 1311 2618 vero
1352 2570 1472 2618 haec
1512 2579 1883 2619 conmemorat:

50 2650 306 2716 θεωρικόν
333 2672 393 2703 ex
421 2655 512 2702 hoc
541 2655 750 2715 dictum,
780 2654 910 2718 quod
939 2653 1160 2701 Eubulus
1193 2654 1490 2701 instantibus
1517 2654 1766 2718 Dionysiis
1800 2672 1883 2718 pe-

45 2738 240 2787 cuniam
268 2737 329 2784 ad
356 2737 597 2785 sacrificia
625 2737 973 2796 distribuisset,
1015 2744 1067 2784 ut
1103 2737 1319 2785 universi
1345 2736 1524 2784 festum
1551 2736 1885 2797 celebrarent,

45 2837 135 2868 nec
164 2820 344 2868 civium
369 2819 496 2867 ullus
536 2821 598 2868 ob
640 2821 708 2868 rei
747 2821 999 2869 familiaris
1039 2820 1255 2884 inopiam
1296 2820 1588 2883 spectaculis
1622 2829 1883 2869 arceretur.

189 2915 421 2963 Suidas
461 2932 496 2962 S.
525 2932 572 2961 v.
617 2911 841 2976 (θεωρικά
860 2934 874 2959 .·
914 2914 1038 2964 Cum
1066 2922 1284 2979 tempore
1312 2914 1730 2978 spectaculorum,
1761 2931 1882 2978 quae

44 2999 283 3064 Dionysia
308 2998 641 3059 vocabantur,
680 2999 783 3047 ludi
810 3000 1061 3062 magnifici
1089 3001 1287 3058 fierent,
1328 2997 1580 3047 accidebat
1607 3006 1658 3045 ut
1685 2997 1883 3062 quidam

46 3099 70 3128 e
98 3081 284 3130 civibus
323 3082 452 3129 inter
490 3098 539 3129 se
583 3082 935 3129 contendentes
975 3081 1038 3129 ad
1076 3081 1278 3144 injurias
1319 3086 1366 3127 et
1405 3080 1610 3129 vulnera
1643 3081 1881 3128 venirent.

46 3164 233 3212 Placuit
257 3166 406 3227 igitur
432 3165 641 3229 populo,
684 3182 744 3212 ne
788 3165 894 3229 quis
935 3164 1143 3228 amplius
1170 3163 1321 3225 gratis
1350 3170 1617 3228 spectaret,
1659 3163 1744 3210 sed
1772 3180 1878 3227 spe-

45 3248 345 3295 ctaculorum
384 3247 491 3295 loca
531 3247 754 3294 mercede
794 3248 1083 3294 11161116111-111·ο
1137 3245 1260 3294 Cum
1299 3254 1460 3293 autem
1489 3263 1761 3311 pauperum
1789 3245 1879 3292 hac

42 3330 93 3377 in
120 3347 171 3377 re
198 3330 409 3379 deterior
435 3338 560 3377 esset
586 3329 813 3388 conditio,
844 3329 972 3392 quod
1002 3328 1178 3377 divites
1207 3329 1387 3394 majore
1414 3330 1572 3393 pretio
1603 3327 1739 3375 facile
1768 3328 1875 3374 loca
