2114 3642
575 222 982 256 COMMENTARIUS
1017 224 1082 255 AD
1111 222 1192 256 460.
1220 222 1302 255 464.
1332 220 1413 255 465.
1441 220 1522 255 466.
1844 208 1944 257 477

108 347 468 398 Eleusiniorum
505 348 851 416 mysteriorum
893 357 1079 399 tessera
1120 349 1276 398 haec:
1310 349 1651 415 jejunavi3
1691 349 1945 399 cinnum

108 431 312 494 ebibi;
351 433 521 498 accepi
564 450 588 480 e
629 433 776 493 cista3
827 440 1139 497 operatus
1179 433 1443 497 reposui
1486 433 1545 479 in
1586 432 1946 495 calathum3

107 521 167 562 et
206 531 230 562 e
270 515 534 565 calatho
572 516 632 562 in
671 515 944 575 cistam.)

887 655 986 708 Ad
1010 657 1165 708 460.

248 764 374 813 Ludi
400 764 546 827 igitur
572 764 766 812 nonnisi
796 765 966 829 quinto
993 781 1186 830 quoque
1228 781 1359 812 anno
1396 762 1774 814 celebrabantur
1797 804 1805 826 ,
1845 782 1943 813 non

104 853 266 894 autem
293 848 551 913 mysteria,
589 864 714 912 quae
744 848 1006 912 quotannis
1033 848 1428 896 instituebantur.

885 987 983 1040 Ad
1008 987 1163 1040 464.

245 1095 392 1144 Festa
432 1096 717 1146 Herculana
756 1097 805 1146 in
845 1097 1134 1163 Cynosarge
1181 1113 1348 1145 mense
1389 1095 1743 1145 Boedromione
1794 1097 1942 1145 fuisse

102 1177 377 1239 celebrata,
420 1179 620 1244 conjicit
655 1180 1048 1229 Boetticher
1082 1178 1208 1239 (Der
1235 1177 1401 1226 antike
1429 1178 1798 1228 Festkalender.
1828 1180 1942 1229 Phi-

104 1260 297 1324 lologus
325 1262 485 1311 XXII.
515 1280 561 1327 p.
591 1262 736 1321 421).

881 1342 979 1396 Ad
1008 1344 1164 1396 465.

243 1451 417 1502 Suidas
445 1471 481 1501 s.
509 1471 552 1500 v.
580 1450 878 1513 Εἰρεσιώνηε
919 1453 1071 1502 Oleae
1101 1470 1291 1511 ramus,
1333 1451 1446 1501 lana
1473 1452 1764 1513 obvolutus,
1794 1470 1817 1501 e
1846 1471 1942 1518 quo

98 1550 238 1583 omne
265 1552 424 1598 genus
453 1531 639 1584 fructus
670 1544 821 1585 terrae
850 1535 1150 1601 suspendere
1179 1535 1418 1585 solebant.
1459 1535 1605 1585 Hunc
1632 1544 1794 1584 autem
1825 1538 1940 1587 effe-

98 1618 237 1666 rebat
263 1636 385 1684 puer
411 1619 649 1684 patrimus
677 1628 724 1668 et
751 1620 1003 1668 matrimus
1034 1621 1175 1678 (παῖς
1203 1614 1554 1680 ἀμφιθαλὴς),
1597 1626 1644 1667 et
1670 1626 1781 1668 ante
1810 1620 1940 1668 fores

95 1701 265 1767 templi
305 1702 545 1767 Apollinis
585 1704 633 1750 in
674 1703 967 1768 Pyanepsiis
1009 1703 1236 1767 ponebat.
1288 1703 1476 1750 Ferunt
1510 1702 1641 1750 enim
1677 1703 1938 1763 Theseum,

97 1801 193 1848 quo
220 1792 443 1851 tempore
469 1786 517 1832 in
546 1786 694 1834 Creta
720 1787 1015 1850 navigabat,
1057 1803 1141 1850 per
1183 1794 1525 1850 tempestatem
1561 1786 1624 1834 ad
1649 1785 1826 1834 Delum
1854 1804 1938 1851 ap-

97 1867 291 1930 pulsum
319 1867 537 1932 Apollini
565 1869 786 1929 vovisse,
828 1885 877 1916 se
920 1868 1056 1916 oleae
1099 1885 1258 1916 ramos
1300 1868 1662 1929 dedicaturum,
1705 1869 1745 1917 si
1771 1867 1936 1917 salvus

97 1949 332 1997 evasisset
369 1950 630 1999 interfecto
662 1951 971 2011 Minotauro,
1013 1960 1060 1999 et
1099 1968 1237 1999 sacra
1277 1951 1547 2011 facturum3
1585 1968 1793 2016 cumque
1822 1969 1935 2017 sup-

96 2030 272 2096 plicem
297 2050 489 2080 ramum
515 2033 836 2098 deposuisset,
864 2035 914 2082 in
938 2034 1046 2083 ollis
1074 2052 1181 2082 eum
1209 2035 1396 2082 coxisse
1424 2035 1669 2099 ptisanam
1697 2035 1937 2083 triticeam

96 2122 143 2162 et
180 2116 396 2180 pultem,
450 2124 498 2163 et
536 2134 671 2165 aram
713 2117 937 2165 erexisse.
1005 2118 1176 2182 Itaque
1219 2116 1447 2166 videntur
1486 2118 1766 2180 Πυανέψια
1808 2118 1937 2166 dicta

95 2199 234 2263 quasi
274 2201 579 2261 Κυαμέψια,
621 2217 736 2248 nam
775 2200 915 2248 fabas
956 2201 1074 2248 olim
1106 2197 1331 2254 πυάνους
1374 2209 1627 2249 vocarunt.
1679 2200 1934 2250 Interdum

94 2279 187 2329 hoc
225 2281 501 2331 institutum
536 2284 597 2331 ad
634 2283 953 2332 avertendam
993 2283 1323 2348 pestilentiam
1365 2282 1694 2332 celebrabant.
1746 2283 1826 2332 Sic
1852 2301 1933 2332 au-

93 2371 193 2412 tem
220 2366 358 2429 pueri
385 2367 656 2415 canebant:
700 2367 947 2428 „Iresione
989 2368 1107 2415 ficus
1147 2367 1241 2414 sert
1274 2374 1321 2415 et
1346 2366 1556 2432 pingues
1583 2384 1737 2432 panes
1764 2374 1812 2415 et
1837 2368 1934 2416 mel

94 2446 143 2495 in
169 2447 331 2513 cotyla
358 2457 406 2496 et
432 2449 596 2497 oleum
624 2449 685 2497 ad
713 2449 1098 2512 abstergendum
1128 2457 1175 2498 et
1202 2450 1403 2498 calicem
1441 2466 1576 2499 mero
1615 2450 1840 2515 plenum,
1882 2457 1934 2499 ut

93 2529 336 2580 inebriata
362 2531 626 2580 dormias.“
668 2561 735 2567 ——
776 2533 984 2581 Peracto
1022 2533 1146 2581 festo
1188 2540 1326 2581 extra
1364 2550 1511 2596 agros
1550 2533 1612 2582 ad
1649 2535 1778 2599 ipsas
1806 2534 1933 2582 fores

93 2614 362 2678 ponebant.
405 2643 469 2649 *—
511 2614 682 2664 Crates
723 2633 840 2664 vero
870 2615 1179 2665 Atheniensis
1216 2616 1266 2663 in
1306 2616 1432 2664 libro
1467 2615 1526 2663 de
1556 2616 1929 2666 Atheniensium

94 2697 343 2745 sacrificiis
371 2698 463 2758 ait,
505 2699 619 2746 olim
648 2715 755 2746 cum
784 2716 1011 2748 annonae
1040 2700 1248 2764 penuria
1285 2706 1489 2748 vexaret
1516 2697 1762 2760 AthenaS,
1803 2701 1930 2749 cives

95 2779 231 2828 oleae
259 2798 446 2829 ramum
474 2781 589 2829 lana
615 2781 905 2830 obvolutum
935 2781 1150 2848 Apollini
1178 2782 1512 2847 supplicantes
1540 2781 1804 2831 dedicasse.
1844 2782 1928 2845 „Si

93 2863 223 2912 enim
249 2865 405 2928 ipsam
432 2864 510 2912 vel
538 2881 638 2913 una
663 2865 876 2914 scintilla
903 2866 1207 2930 corripuerit,
1235 2866 1373 2929 quasi
1401 2864 1647 2929 putridam
1664 2866 1927 2915 Iresionem

94 2946 394 2996 comburet.“

235 3030 308 3079 Cf.
335 3030 781 3095 Harpocrationem
808 3049 842 3079 s.
873 3050 915 3078 v.
950 3026 1246 3092 Πυανὸψια.

869 3169 967 3222 Ad
992 3170 1147 3223 466.

235 3277 450 3328 Aliorum
491 3279 637 3327 etiam
678 3279 920 3327 mensium
960 3285 1133 3326 octavo
1173 3295 1366 3343 quoque
1407 3278 1483 3328 die
1525 3281 1754 3329 colebant
1793 3281 1922 3329 The-

91 3377 255 3424 seum3
294 3363 372 3411 vel
410 3362 540 3427 quod
575 3362 785 3427 primum
812 3378 836 3409 e
865 3362 1116 3410 Troezene
1151 3370 1323 3410 octavo
1351 3363 1796 3413 Hecatombaeonis
1839 3382 1921 3429 ap-
