2114 3642
91 224 192 269 434
540 233 943 267 rmnnwrxuns
985 232 1038 261 111
1076 230 1149 263 133.
1184 230 1257 263 134.
1289 230 1370 263 135.
1402 230 1479 263 137.

94 366 353 427 (Pi-oedri,
395 372 524 413 sorte
564 361 674 410 lecti
709 377 737 406 a
763 358 1059 423 prytanibus
1100 359 1149 406 in
1189 359 1385 422 singula
1425 359 1658 406 concione
1688 374 1712 406 e
1740 359 1934 421 singula

97 450 270 507 tribu.)

238 532 333 579 Vix
375 531 500 576 bene
533 520 629 571 ὑπὸ
661 521 760 570 Τῶν
788 520 1091 584 nomiman
1146 524 1196 572 Si
1225 525 1355 572 enim
1382 523 1631 589 praesides
1661 541 1688 571 a
1714 526 1932 589 prytani-

94 616 186 662 bus
213 622 340 662 sorte
369 611 479 659 lecti
508 609 736 668 fuissent,
780 626 876 672 quo
916 615 1062 673 pacto
1101 606 1357 665 ἐπιστάτης
1398 610 1640 674 potuisset
1678 625 1762 657 eos
1803 614 1933 656 sorte

94 698 260 759 legere
285 696 307 743 i>

236 777 308 826 Cf.
351 775 512 823 Schol.
548 774 598 822 in
639 774 864 824 Aeschin.
906 773 1216 840 Ctesiphont.
1258 776 1302 824 3.
1344 783 1391 824 et
1431 778 1494 839 4.;
1532 777 1646 825 item
1687 774 1847 824 Schol.
1888 775 1937 822 111

96 859 348 910 Demosth.
377 857 577 907 Midian.
610 858 724 916 517,
755 857 834 906 10.

879 950 978 1002 Ad
1015 951 1157 1004 133.

241 1060 410 1110 Aetate
438 1061 788 1110 Demosthenis
816 1069 863 1110 et
891 1061 1161 1112 Aeschinis.
1214 1062 1344 1111 Dicit
1385 1063 1514 1111 enim
1542 1071 1710 1111 orator
1737 1061 1843 1109 1000
1874 1061 1937 1107 01-

94 1151 220 1193 tato:
260 1137 402 1205 ὖμὲῖς
430 1141 473 1189 δ’
503 1144 573 1190 ἔτι
601 1147 915 1207 προσέθεσθε
941 1142 1133 1193 καινὸν
1163 1142 1338 1208 νόμον.
1383 1145 1516 1206 (Vos
1544 1163 1662 1196 Vero
1693 1144 1939 1210 adjecistis

93 1245 273 1277 novam
309 1228 516 1291 legem.)

876 1298 977 1350 Acl
1014 1300 1157 1353 134.

241 1406 383 1471 Apud
424 1407 841 1457 Lacedaemonios
883 1408 1128 1458 conducta
1165 1410 1216 1457 in
1257 1427 1404 1457 unum
1438 1408 1602 1458 locum
1629 1406 1940 1456 multitudine

95 1490 339 1538 referendi
368 1491 600 1555 quapiam
629 1491 687 1540 de
715 1510 766 1539 re
794 1491 1002 1540 facultas
1030 1493 1215 1541 nemini
1244 1492 1304 1541 de
1332 1493 1516 1558 populo
1545 1490 1939 1541 concedebatur:

93 1580 287 1622 tantum
314 1575 419 1639 ejus
447 1583 551 1622 erat
579 1592 661 1637 ea,
702 1593 826 1640 quae
867 1583 1119 1625 senatores
1159 1592 1402 1641 regesque
1431 1577 1829 1642 proposuissent,
1863 1574 1939 1638 ju-

94 1658 225 1705 bere.
284 1658 648 1706 Posterior-ibus
687 1666 851 1707 autem
890 1659 1221 1724 temporibus,
1261 1677 1372 1708 eum
1411 1659 1552 1725 plebs
1593 1657 1819 1708 addendo
1860 1657 1940 1705 de-

94 1740 430 1806 trahendoque
459 1742 698 1806 suffragia
724 1750 1031 1807 perverteret
1057 1750 1205 1808 atque
1235 1743 1331 1792 alio
1360 1743 1694 1808 detorqueret,
1728 1740 1941 1806 Polydo-

94 1842 176 1872 rus
205 1832 252 1873 et
279 1824 634 1890 Theopompus
663 1843 804 1889 reges
831 1826 954 1874 haec
982 1826 1080 1890 legi
1117 1826 1429 1891 adjecerunt:
1471 1826 1521 1875 Si
1550 1842 1756 1891 pravum
1785 1841 1940 1889 popu-

94 1907 168 1955 lus
195 1908 311 1972 quid
339 1908 586 1969 statuerit,
628 1916 909 1957 senatorum
950 1926 1221 1974 regumque
1251 1916 1354 1958 esto
1389 1909 1740 1958 discessionem
1765 1908 1942 1967 facere,

96 1992 189 2040 hoe
217 1998 315 2051 est,
357 1998 411 2039 ut
449 2010 511 2040 ne
550 2000 710 2040 ratum
750 1992 799 2040 id
837 1994 1047 2053 faciant,
1091 1993 1177 2041 sed
1218 1993 1439 2057 protinus
1469 1993 1756 2041 concionem
1784 1991 1942 2040 dimit-

96 2082 230 2135 tant,
272 2075 496 2123 nimirum
525 2076 712 2140 populo
739 2077 1038 2124 sententiam
1068 2077 1399 2141 depravante,
1429 2083 1577 2140 atque
1603 2076 1680 2136 id,
1710 2075 1841 2140 quod
1870 2091 1941 2122 es-

98 2166 170 2206 set
195 2159 456 2224 optimum,
498 2160 802 2207 immutante.
845 2160 1204 2219 (Plutarch.
1235 2161 1274 2207 L
1292 2177 1412 2225 yeu
1428 2178 1451 2207 r
1466 2177 1510 2223 g.
1542 2160 1614 2219 6.)

241 2245 401 2292 Etiam
429 2245 561 2309 apud
591 2242 853 2293 Cretenses
894 2244 1147 2293 concionis
1189 2261 1359 2292 omnes
1399 2251 1540 2291 erant
1574 2243 1768 2307 quidem
1797 2241 1943 2307 parti-

100 2329 258 2392 cipes,
300 2327 386 2375 scd
415 2345 566 2391 penes
594 2327 723 2375 illam
750 2327 931 2375 nullius
972 2328 1040 2377 rei
1081 2327 1328 2389 gerendae
1370 2334 1587 2391 potestas
1628 2334 1759 2383 erat,
1801 2342 1942 2390 prae-

100 2421 323 2473 terquam
351 2428 517 2458 earum
550 2428 736 2470 rerum,
779 2428 904 2474 quae
934 2410 1259 2459 Senatoribus
1288 2417 1335 2457 et
1364 2409 1557 2457 Cosmis
1586 2409 1812 2458 decretae
1841 2409 1940 2456 fue-

102 2503 237 2556 rant,
276 2494 511 2557 suffragio
551 2494 1048 2559 comprobandarum.
1102 2492 1172 2553 (Α
1187 2494 1400 2542 ristot.
1442 2493 1633 2541 Polit.
1676 2493 1735 2551 Π,
1782 2492 1827 2553 7,
1870 2492 1943 2549 4.)

886 2632 985 2684 Ad
1023 2634 1166 2686 135.

249 2732 479 2780 Dinarch.
523 2733 571 2779 in
598 2730 920 2793 Aristogiton.
963 2728 1128 2796 §.142
1160 2724 1227 2775 ‘0
1260 2728 1415 2792 νόμος
1443 2726 1727 2791 «εὖξῑζιιὲιόν
1754 2727 1943 2775 aarum

110 2811 198 2859 τὸν
236 2811 434 2875 κήρυκα
466 2817 575 2876 μα’
616 2810 865 2875 εὐφημίας
906 2812 1118 2870 πολλῆς,
1163 2809 1325 2868 οὕτως
1369 2807 1491 2875 ὑμῖν
1517 2810 1575 2859 τι)
1604 2810 1942 2876 βι)1’λ11’·ὲσθαι

111 2898 215 2958 siqui,
243 2895 343 2943 τῶν
372 2894 681 2963 πραχιιιὶτων
708 2894 1058 2959 παραδιδόναι.
1103 2899 1235 2957 (Lex
1254 2899 1399 2963 Jubet
1428 2915 1721 2963 praeconem
1751 2896 1944 2944 nonnisi

110 2989 220 3044 post
259 2998 428 3044 preces
467 3001 655 3031 summa
695 3001 805 3031 cum
844 2983 1164 3031 sanctimonia
1204 2984 1359 3031 factas
1388 2983 1529 3030 vobis
1559 2981 1858 3030 deliberandi
1887 2981 1945 3028 (le

111 3064 257 3111 rebus
285 3067 530 3123 negotium
559 3067 792 3125 tradere.)

253 3146 326 3194 Cf.
355 3148 501 3195 schol.
530 3149 575 3196 in
603 3150 854 3198 Demosth.
886 3151 1099 3215 Philipp.
1131 3150 1213 3198 IV.
1242 3150 1302 3197 ad
1331 3157 1689 3213 argumentum.

888 3278 987 3330 Ad
1025 3279 1165 3330 137.

252 3373 567 3423 Demosthen.
605 3373 878 3426 Aristocrat.
907 3377 1028 3424 653:
1057 3374 1337 3437 καταρᾶται
1369 3378 1494 3422 καθ’
1513 3371 1729 3431 ἑκάστην
1757 3376 1945 3431 ἐκκλη-
