2114 3642
632 203 1042 236 COMMENTARIUS
1070 202 1137 234 AD
1168 199 1272 236 1453.
1303 200 1405 237 1455.
1834 190 1930 239 621

98 322 311 385 ηκούσης
358 323 531 383 αὐτοῖς
576 326 890 395 λαγχάνουσι
943 334 1046 384 τοῖς
1111 326 1491 392 διακρατοῦσιν.
1557 326 1679 377 Εἶτα
1743 329 1936 387 ἑλόντες

98 407 412 477 λαγχάνουσι
441 414 530 458 καὶ
560 415 667 474 περὶ
696 414 1022 477 ἐπικαρπίας·
1066 412 1220 460 τοῦτο
1259 434 1293 459 κ
1313 432 1434 476 aqu
1454 412 1526 461 οὗ
1569 411 1721 471 δίκη
1761 418 1934 462 καλεῖ-

94 512 188 543 ται.
242 496 363 556 (Qui
402 495 599 559 litigant
638 514 747 545 cum
783 499 946 563 aliquo
975 498 1034 546 de
1063 515 1211 562 agrO,
1254 515 1399 562 quem
1427 498 1488 547 ad
1515 515 1564 546 se
1591 498 1837 563 pertinere
1865 499 1933 548 di-

94 585 233 638 cunt,
275 579 645 643 possessoribus
673 581 778 645 ejus
806 581 940 628 litem
968 579 1243 629 intendunt.
1300 581 1492 630 Deinde
1519 598 1630 630 cum
1657 600 1739 631 eos
1766 583 1933 630 convi-

92 670 291 723 cerunt,
332 663 473 710 aliam
514 663 573 712 de
616 682 703 712 usu
745 665 903 713 fructu
942 665 1187 712 actionem
1229 664 1518 726 instituunt,
1568 682 1692 729 quae
1731 663 1932 727 καρποῦ

93 741 209 801 δίκη
244 746 564 810 appellatur.)

233 908 436 973 Suidas:
477 919 551 970 οὐ
570 925 714 978 σίας
743 925 897 982 δίκη
916 945 928 970 .·
972 921 1163 979 Οὐσίας
1189 921 1450 990 εἰσάγουσι
1480 924 1631 984 δίκην
1660 924 1782 988 πρὸς
1809 924 1930 981 τούς

91 1008 377 1061 ἑαλωκότας
403 1011 458 1055 ἐν
486 1012 696 1072 προτέρᾳ
727 1006 846 1070 δίκῃ
871 1012 1052 1072 χρέους
1079 1004 1107 1066 ἢ
1129 1007 1361 1071 καρποῦ·
1389 1003 1455 1064 ὦς
1483 1006 1597 1057 δέον
1625 1007 1932 1075 ἀπολαμβά-

92 1109 196 1137 νειν
235 1087 425 1146 αὐτούς
466 1096 517 1149 ἐξ
559 1088 673 1150 ὅλης
712 1092 794 1151 τῆς
822 1090 1024 1149 οὐσίας,
1067 1087 1099 1139 ἃ
1127 1092 1492 1140 κατεδίκασαν.
1547 1093 1719 1155 (Actio
1760 1095 1829 1144 de
1870 1113 1932 1145 re

89 1176 358 1225 intenditur
397 1177 511 1234 illis,
556 1178 638 1242 qui
679 1179 930 1243 superiore
961 1176 1151 1242 judicio
1191 1178 1317 1226 aeris
1369 1177 1514 1226 alieni
1567 1179 1643 1226 vel
1685 1178 1930 1227 fructuum

90 1259 205 1306 victi
233 1259 455 1307 fuerunt:
496 1260 658 1325 itaque
688 1261 897 1308 victores
926 1277 985 1309 ex
1013 1259 1240 1308 omnibus
1268 1259 1407 1308 bonis
1438 1261 1680 1326 recipiunt
1708 1279 1778 1323 ea,
1808 1279 1931 1327 quae

88 1342 335 1391 sententia
352 1342 533 1408 judicis
561 1344 679 1408 ipsis
708 1343 992 1404 addixerit.)

231 1428 288 1477 In
311 1427 422 1490 lege
445 1433 611 1475 nostra
638 1444 728 1492 pro
757 1425 911 1483 ἔξεστι
941 1431 1046 1480 τοῖς
1074 1424 1244 1473 ἑλοῦσι
1276 1427 1448 1492 legunt
1474 1427 1553 1476 alii
1582 1420 1783 1483 ἁλοῦσι,
1801 1428 1929 1493 quod

88 1510 211 1558 forte
239 1510 427 1559 melius.

228 1592 412 1642 Sensus
441 1592 703 1641 verborum
731 1592 1140 1658 Harpocrationis
1180 1593 1258 1641 hic
1298 1593 1490 1642 videtur
1530 1611 1648 1643 esse.
1702 1593 1752 1642 Si
1787 1595 1929 1644 alicui

84 1676 263 1726 fundus
292 1676 371 1725 vel
397 1675 570 1725 domus
599 1674 673 1723 die
700 1674 963 1724 constituta
994 1692 1091 1724 non
1119 1676 1466 1737 redderentur,
1507 1678 1661 1742 primo
1689 1679 1928 1727 actionem

86 1761 146 1808 in
188 1761 446 1809 fructus
487 1759 564 1806 vel
605 1758 664 1805 in
710 1758 993 1823 pretium
1034 1758 1423 1821 locationis,
1465 1768 1611 1824 prout
1646 1778 1824 1827 nempe
1853 1763 1927 1810 vel

84 1844 144 1893 de
171 1844 324 1893 fundo
354 1843 431 1892 vel
458 1842 518 1891 de
546 1841 691 1891 domo
715 1843 970 1906 agebatur,
999 1842 1286 1892 intendebat
1312 1843 1548 1893 adversus
1576 1844 1924 1910 possidentem.

85 1929 195 1977 Hoc
223 1927 369 1976 modo
394 1926 610 1989 cogebat
650 1925 986 1991 possidentem
1024 1925 1084 1974 ad
1115 1926 1440 1992 praestandos
1470 1927 1606 1975 fundi
1635 1927 1820 1977 fructus
1849 1928 1927 1976 vel

84 2011 144 2060 ad
170 2010 462 2060 solvendum
502 2010 674 2059 domus
713 2010 968 2060 locationis
1010 2010 1246 2076 pretium,
1287 2019 1338 2059 ut
1380 2030 1467 2077 per
1507 2012 1599 2060 hoc
1633 2022 1929 2076 agnosceret

84 2101 297 2143 actorem
338 2112 444 2144 esse
472 2094 723 2142 dominum
751 2089 886 2142 fundi
914 2093 992 2141 vel
1021 2093 1208 2142 domus.
1261 2093 1311 2143 Si
1340 2101 1598 2144 accusatus
1626 2095 1748 2144 haec
1775 2096 1928 2144 nollet

84 2184 356 2243 praestare,
396 2178 602 2227 alteram
641 2177 887 2226 actionem
926 2177 968 2224 ei
1010 2175 1300 2225 intendebat
1349 2184 1483 2226 actor
1532 2187 1581 2226 et
1620 2178 1814 2242 quidem
1864 2179 1925 2226 in

84 2279 231 2323 rem,
273 2278 420 2326 quam
458 2262 496 2309 si
535 2260 585 2308 in
617 2259 802 2325 judicio
844 2259 1064 2318 vicisset,
1105 2277 1163 2308 ex
1200 2260 1428 2309 universa
1466 2259 1778 2309 condemnati
1812 2260 1923 2310 sub-

83 2345 263 2393 stantia
288 2350 483 2409 poterat
516 2361 653 2392 suum
694 2341 1035 2390 detrimentum
1075 2343 1268 2391 sarcire.
1322 2344 1488 2392 Potuit
1525 2351 1690 2393 tamen
1730 2346 1834 2393 fieri
1875 2352 1925 2392 ut

83 2425 436 2476 condemnatus
477 2444 625 2492 porro
665 2441 856 2490 quoque
897 2424 1141 2474 resisteret
1168 2426 1292 2474 etin
1319 2427 1630 2491 possessione
1665 2445 1921 2494 permane-

83 2517 181 2573 ret3
221 2517 336 2559 tunc
376 2509 524 2574 igitur
563 2509 756 2557 tertiam
797 2507 1033 2557 adversus
1073 2524 1185 2557 eum
1224 2516 1360 2558 actor
1398 2510 1610 2560 intendit
1649 2512 1922 2573 actionem,

82 2609 258 2658 nempe
296 2592 325 2642 d
342 2609 368 2642 e
408 2593 480 2640 vi.

225 2675 299 2726 Of.
328 2675 378 2726 M
394 2693 419 2725 e
435 2677 447 2723 i
465 2692 490 2725 e
507 2695 528 2724 r
554 2683 602 2725 et
628 2675 662 2725 S
677 2693 702 2725 c
718 2675 749 2724 h
766 2682 793 2723 ὂ
808 2693 855 2724 m
870 2693 899 2725 a
916 2693 947 2725 n
962 2693 1020 2725 n:
1058 2678 1161 2726 Der
1187 2677 1393 2727 attische
1421 2678 1627 2727 Process
1656 2697 1701 2744 p.
1732 2680 1847 2728 749.

845 2816 944 2870 Ad
968 2818 1159 2871 1455.

225 2927 669 2993 Harpocratio
706 2946 742 2977 s.
772 2947 815 2977 v.
843 2925 1048 2987 ἐξούλης
1066 2949 1079 2974 .·
1120 2930 1206 2977 Est
1232 2946 1408 2978 nomen
1435 2931 1670 2991 actionis,
1711 2948 1855 2997 quam
1884 2932 1914 2979 ii

82 3014 164 3078 qui
192 3013 362 3061 dicunt
388 3028 438 3058 se
468 3027 496 3058 a
522 3011 620 3058 suis
648 3010 789 3060 bonis
817 3013 998 3072 arceri,
1040 3011 1300 3060 intendunt
1339 3013 1431 3060 illis
1464 3013 1545 3077 qui
1573 3013 1704 3079 ipsos
1733 3023 1913 3063 arcent.

81 3097 297 3145 Ductum
324 3101 396 3142 est
422 3110 600 3141 nomen
627 3110 656 3141 a
689 3095 841 3143 verbo
881 3096 1122 3151 ἐξίλλειν,
1162 3095 1292 3160 quod
1321 3104 1394 3143 est
1421 3095 1706 3157 excludere,
1748 3098 1912 3163 expel-

81 3180 208 3238 lere,
248 3177 437 3243 ejicere.
478 3205 544 3209 —-
585 3177 862 3226 Dinarchus
903 3196 1019 3227 vero
1064 3179 1113 3225 in
1157 3178 1544 3227 Croconidarum
1583 3181 1916 3229 controversia

82 3261 393 3326 peculiariter
418 3278 531 3309 usus
560 3268 632 3308 cst
660 3260 748 3307 hac
774 3278 893 3309 voce
922 3261 981 3310 de
1010 3260 1222 3325 quadam
1250 3262 1518 3325 sacerdote,
1548 3281 1671 3328 quae
1699 3281 1774 3311 res
1800 3281 1913 3312 suas

81 3360 246 3395 curare
274 3343 484 3394 nolebat.
538 3343 688 3391 Porro
732 3361 908 3393 nomen
950 3345 1040 3394 hoc
1080 3345 1129 3393 in
1171 3362 1341 3395 omnes
1381 3346 1554 3397 cadere
1594 3347 1674 3410 qui
1718 3363 1744 3394 e
1769 3345 1913 3397 bonis
