2114 3642
748 224 1156 257 COMMENTARIUS
1186 224 1253 256 AD
1285 220 1340 256 16.
1848 207 1952 255 41¹7

108 347 201 397 sita
228 356 326 410 est,
369 358 421 399 ut
452 352 623 416 jurent
663 352 795 399 cives
834 369 884 399 se
926 352 1194 401 concordes
1235 351 1366 413 fore;
1406 356 1452 398 et
1490 348 1669 412 ubique
1697 357 1951 415 praestant

110 431 202 481 hoc
221 433 613 499 jusjurandum.)

250 541 427 591 Pollux
452 542 521 591 ita
546 543 712 591 scribit
738 543 797 591 de
835 544 926 592 hac
965 562 1018 592 re
1056 543 1218 604 (VIII,
1250 544 1405 602 1050:
1445 541 1744 591 Circuitores
1772 540 1951 607 ephebi

108 623 358 687 regionem
386 625 717 674 custodientes
758 627 1055 685 circuibant,
1095 633 1264 691 utpote
1304 625 1534 673 militaria
1566 625 1673 690 jam
1712 631 1951 674 curanteS.

109 707 171 754 Et
196 708 323 756 inter
349 709 568 774 ephebos
604 709 991 758 recensebantur
1030 709 1301 758 octodecim
1342 726 1498 757 annos
1538 709 1667 769 nati,
1709 707 1806 757 duo
1834 724 1954 756 vero

107 789 169 838 ad
194 791 373 840 circum
398 792 801 841 numerabantur.
854 792 1107 856 Vigesimo
1149 799 1312 841 autem
1352 809 1481 840 anno
1521 792 1572 839 in
1598 791 1951 840 lexiarchicum

106 873 285 923 librum
323 875 722 924 inscribebantur
762 883 808 923 et
846 876 936 923 sub
977 876 1058 924 dio
1087 876 1350 941 jurabant:
1394 874 1577 937 „Arma
1609 892 1711 922 non
1739 874 1953 923 dehone-

108 957 276 1018 stabo,
315 976 406 1006 nec
432 958 735 1018 adstantem,
783 959 1002 1023 quisquis
1029 959 1069 1006 is
1097 958 1264 1017 fuerit,
1305 958 1494 1006 socium
1520 958 1823 1022 relinquam:
1864 975 1955 1022 pu-

107 1042 275 1103 gnabo
304 1059 499 1106 quoque
527 1058 616 1108 pro
643 1042 767 1091 focis
794 1050 841 1091 et
868 1043 961 1090 aris
989 1043 1121 1091 solus
1150 1050 1196 1091 et
1235 1060 1348 1091 cum
1386 1041 1565 1090 multis.
1618 1041 1835 1089 Patriam
1862 1058 1955 1089 nec

107 1123 350 1186 turbabo,
391 1141 481 1173 nec
522 1124 741 1190 prodam.
790 1123 1053 1188 Navigabo
1094 1133 1267 1174 contra
1307 1140 1648 1189 quamcunque
1684 1123 1952 1173 destiuatus

112 1207 285 1256 fuerim
328 1207 597 1272 regionem.
662 1207 991 1257 Solennitates
1043 1217 1307 1274 perpetuas
1358 1207 1653 1257 observabo.
1722 1208 1952 1273 Receptis

110 1291 548 1341 consvetudinibus
586 1292 799 1357 parebO,
841 1299 887 1340 et
927 1310 1244 1357 quascunque
1286 1293 1408 1341 alias
1444 1292 1657 1357 populus
1684 1291 1954 1356 prudenter

108 1375 344 1424 statuerit.
398 1376 461 1423 Et
488 1376 526 1423 si
555 1376 663 1440 quis
690 1374 825 1439 leges
855 1383 1077 1440 receptas
1103 1375 1381 1435 sustulerit,
1423 1375 1515 1423 nisi
1541 1376 1953 1440 comprobaverit,

108 1475 209 1505 non
236 1459 530 1523 permittam.
582 1458 784 1507 Tuebor
812 1458 1025 1522 denique
1053 1466 1099 1507 et
1126 1459 1258 1507 solus
1287 1465 1332 1507 et
1358 1476 1472 1507 cum
1498 1459 1698 1523 reliquis
1725 1459 1954 1507 omnibus

109 1548 253 1608 atque
281 1542 440 1607 patria
467 1559 607 1590 sacra
634 1541 805 1591 colam.
860 1542 1035 1590 Testes
1062 1542 1239 1591 horum
1267 1543 1364 1591 sint
1391 1542 1456 1591 dii
1486 1541 1609 1591 ete.“

251 1649 577 1715 Harpocratio
606 1667 642 1698 s.
669 1669 713 1698 v.
746 1649 1062 1710 Περίπολοςε
1104 1649 1393 1699 Aristoteles
1427 1649 1476 1698 in
1502 1649 1778 1715 Republica
1805 1650 1954 1702 Athe-

109 1732 351 1781 niensium
379 1732 437 1781 de
466 1733 667 1798 ephebis
699 1734 852 1782 verba
880 1733 1064 1781 faciens
1092 1733 1161 1780 sic
1189 1733 1280 1781 ait:
1324 1733 1507 1795 „altero
1549 1751 1680 1782 anno
1717 1735 1954 1785 concione

109 1817 159 1865 in
185 1816 374 1864 theatro
402 1824 702 1875 convocata,
744 1815 950 1882 ephebi,
990 1817 1164 1882 clypeo
1193 1823 1239 1864 et
1266 1816 1408 1865 hasta
1434 1834 1524 1881 pro
1553 1818 1792 1866 concione
1820 1836 1952 1867 acce-

110 1908 218 1965 pta,
247 1908 429 1948 terram
456 1900 668 1949 Atticam
696 1900 998 1965 perlustrant
1025 1907 1071 1946 et
1099 1900 1147 1947 in
1176 1899 1386 1948 castellis
1415 1900 1722 1949 versantur.“
1776 1901 1952 1950 Obser-

111 1983 352 2044 vandum,
382 1983 696 2033 Aristotelem
723 1992 895 2049 putare
925 1983 1143 2049 ephebos
1171 2001 1256 2049 per
1283 2001 1469 2033 annum
1495 1985 1545 2033 in
1572 1984 1789 2033 excubiis
1817 2004 1953 2035 man-

112 2067 259 2127 sisse,
304 2067 595 2117 Aeschinem
623 2085 710 2134 per
737 2069 1002 2116 biennium.

255 2176 432 2238 „Errat
470 2176 643 2241 procul
683 2175 830 2225 dubio
869 2176 1216 2239 grammaticus
1258 2193 1316 2225 ex
1355 2175 1462 2224 loco
1512 2175 1657 2225 allato
1711 2178 1951 2242 colligens

116 2259 425 2310 Aristotelem
458 2267 656 2324 putasse
676 2259 884 2324 juvenes
911 2277 999 2324 per
1024 2277 1174 2308 unum
1207 2267 1396 2307 tantum
1423 2276 1607 2307 annum
1635 2261 1949 2311 circuitorum

110 2360 312 2392 munere
348 2343 544 2391 functos
584 2359 701 2391 esse.
759 2342 926 2392 Verba
965 2339 1058 2389 τὸν
1099 2338 1338 2404 δεύτερον
1377 2338 1615 2389 ἐνιαυτὸν
1654 2343 1949 2394 intellexerit

112 2443 296 2474 annum
335 2426 603 2474 secundum
640 2424 725 2483 τῆς
761 2421 907 2488 ἥβης,
950 2444 1036 2492 per
1064 2444 1271 2491 eumque
1293 2427 1501 2492 juvenes
1528 2426 1776 2491 peripolos
1805 2428 1949 2477 fuisse

112 2509 368 2575 putaverit.
420 2509 750 2572 Intelligenda
777 2519 937 2558 autem
967 2510 1119 2559 verba
1158 2518 1271 2559 sunt
1311 2510 1367 2558 de
1411 2509 1672 2569 concione,
1713 2526 1838 2573 quae
1867 2510 1951 2558 ha-

112 2593 322 2641 bebatur
350 2599 558 2641 exeunte
585 2591 669 2650 τῆς
697 2588 817 2654 ἥβης
843 2593 1073 2651 biennio,
1116 2593 1246 2657 quod
1277 2592 1554 2657 excipiebat
1581 2592 1788 2641 alterum
1816 2592 1951 2643 bien-

112 2677 246 2724 nium
273 2672 377 2721 τῶν
403 2671 732 2737 περιπὸλων.“
774 2678 822 2725 Μ
837 2677 967 2725 ‘ulle
985 2694 1115 2724 rus:
1151 2676 1323 2740 fragm.
1355 2675 1625 2723 historicor.
1653 2692 1724 2738 gr.
1754 2674 1861 2724 Vol.
1890 2677 1951 2727 Π.

111 2779 156 2825 p.
187 2760 300 2808 112.

255 2842 326 2891 Cf.
366 2842 664 2890 Platner:
706 2842 934 2907 Beitrage
974 2860 1057 2890 zur
1097 2841 1369 2890 Kenntniss
1410 2839 1493 2888 des
1523 2839 1762 2890 attischen
1791 2841 1950 2891 Rech-

112 2934 198 2975 tes.
227 2945 271 2992 p.
302 2926 416 2975 177.

255 3034 412 3083 Schol.
453 3035 528 3083 ad.
570 3034 772 3083 Lucian.
814 3035 993 3083 Jovem
1036 3041 1164 3095 trag.
1205 3034 1297 3080 26:
1339 3028 1443 3078 Δύο
1478 3032 1572 3078 εἰσί
1605 3038 1950 3098 γραμματεῖα,

114 3118 204 3162 καὶ
233 3119 287 3163 ἓν
313 3115 386 3179 τῷ
406 3118 502 3179 μὲν
529 3113 872 3182 ἐγγράᾳόνται
916 3112 1019 3178 ἅμα
1066 3113 1130 3178 τῷ
1165 3113 1507 3180 γεννηθῆναι,
1547 3117 1602 3161 ἐν
1629 3114 1677 3161 δὲ
1707 3115 1780 3178 τῷ
1806 3118 1951 3179 ἑτέρῳ

118 3193 271 3255 ἡνίκα
298 3197 383 3256 τῆς
409 3197 632 3262 ἐννόμου
661 3193 859 3257 ἧλικίας
885 3201 1180 3265 ylymrmc·
1222 3194 1376 3243 τοῦτο
1412 3194 1460 3244 δὲ
1490 3201 1718 3245 καλεῖται
1750 3201 1952 3260 ληξιαρ-

110 3279 284 3341 zazou.

258 3366 395 3424 (Duo
423 3375 534 3416 sunt
561 3367 771 3429 indices,
810 3366 859 3413 in
888 3381 1039 3414 unum
1065 3364 1400 3413 inscribuntur
1433 3365 1596 3416 statim
1623 3383 1651 3414 a
1678 3366 1949 3427 nativitate,

1614 3447 1667 3487 27
