<?xml version="1.0" encoding="UTF-8"?>
<!DOCTYPE html PUBLIC "-//W3C//DTD XHTML 1.0 Transitional//EN"
    "http://www.w3.org/TR/xhtml1/DTD/xhtml1-transitional.dtd">
<html xmlns="http://www.w3.org/1999/xhtml" xml:lang="en" lang="en">
 <head>
  <title>
</title>
<meta http-equiv="Content-Type" content="text/html;charset=utf-8" />
  <meta name='ocr-system' content='tesseract 3.04.00' />
  <meta name='ocr-capabilities' content='ocr_page ocr_carea ocr_par ocr_line ocrx_word'/>
</head>
<body>
  <div class='ocr_page' id='page_1' title='image "./synaggtnattiknno00tluoft_0549.png"; bbox 0 0 2114 3642; ppageno 0'>
   <div class='ocr_carea' id='block_1_1' title="bbox 666 214 1942 263">
    <p class='ocr_par' dir='ltr' id='par_1_1' title="bbox 666 214 1942 263">
     <span class='ocr_line' id='line_1_1' title="bbox 666 214 1942 263; baseline 0.002 -4"><span class='ocrx_word' id='word_1_1' title='bbox 666 229 1073 261; x_wconf 64' lang='lat' dir='ltr'>COMMENTARIUS</span> <span class='ocrx_word' id='word_1_2' title='bbox 1103 229 1168 260; x_wconf 76' lang='lat' dir='ltr'>AD</span> <span class='ocrx_word' id='word_1_3' title='bbox 1197 230 1278 263; x_wconf 68' lang='lat'>828.</span> <span class='ocrx_word' id='word_1_4' title='bbox 1307 228 1390 261; x_wconf 81' lang='lat'><strong>830.</strong></span> <span class='ocrx_word' id='word_1_5' title='bbox 1844 214 1942 261; x_wconf 82' lang='lat'>523</span> 
     </span>
    </p>
   </div>
   <div class='ocr_carea' id='block_1_2' title="bbox 101 353 1945 585">
    <p class='ocr_par' dir='ltr' id='par_1_2' title="bbox 101 353 1945 585">
     <span class='ocr_line' id='line_1_2' title="bbox 103 353 1945 420; baseline 0.001 -18"><span class='ocrx_word' id='word_1_6' title='bbox 103 354 277 403; x_wconf 81' lang='lat' dir='ltr'><strong>dentur</strong></span> <span class='ocrx_word' id='word_1_7' title='bbox 308 353 662 415; x_wconf 73' lang='lat' dir='ltr'>AthenienseS,</span> <span class='ocrx_word' id='word_1_8' title='bbox 704 361 755 403; x_wconf 88' lang='lat' dir='ltr'>ut</span> <span class='ocrx_word' id='word_1_9' title='bbox 781 355 1145 420; x_wconf 73' lang='lat' dir='ltr'>improbitatem</span> <span class='ocrx_word' id='word_1_10' title='bbox 1185 358 1278 405; x_wconf 89' lang='lat' dir='ltr'>hoc</span> <span class='ocrx_word' id='word_1_11' title='bbox 1310 356 1456 404; x_wconf 87' lang='lat' dir='ltr'>modo</span> <span class='ocrx_word' id='word_1_12' title='bbox 1485 355 1740 420; x_wconf 77' lang='lat' dir='ltr'>punirent,</span> <span class='ocrx_word' id='word_1_13' title='bbox 1782 355 1866 404; x_wconf 88' lang='lat' dir='ltr'>sed</span> <span class='ocrx_word' id='word_1_14' title='bbox 1893 364 1945 404; x_wconf 89' lang='lat' dir='ltr'>ut</span> 
     </span>
     <span class='ocr_line' id='line_1_3' title="bbox 101 437 1944 502; baseline 0.001 -17"><span class='ocrx_word' id='word_1_15' title='bbox 101 438 335 487; x_wconf 90' lang='lat' dir='ltr'>sublimes</span> <span class='ocrx_word' id='word_1_16' title='bbox 362 437 622 487; x_wconf 85' lang='lat' dir='ltr'>hominum</span> <span class='ocrx_word' id='word_1_17' title='bbox 649 438 710 486; x_wconf 86' lang='lat' dir='ltr'>ad</span> <span class='ocrx_word' id='word_1_18' title='bbox 735 438 930 502; x_wconf 85' lang='lat' dir='ltr'>fastigia</span> <span class='ocrx_word' id='word_1_19' title='bbox 958 447 1238 488; x_wconf 79' lang='lat' dir='ltr'>evectorum</span> <span class='ocrx_word' id='word_1_20' title='bbox 1267 441 1455 488; x_wconf 82' lang='lat' dir='ltr'>animos</span> <span class='ocrx_word' id='word_1_21' title='bbox 1482 438 1825 487; x_wconf 84' lang='lat' dir='ltr'>submissiores</span> <span class='ocrx_word' id='word_1_22' title='bbox 1852 438 1944 487; x_wconf 89' lang='lat' dir='ltr'>hac</span> 
     </span>
     <span class='ocr_line' id='line_1_4' title="bbox 102 521 669 585; baseline 0 -16"><span class='ocrx_word' id='word_1_23' title='bbox 102 521 407 585; x_wconf 78' lang='lat' dir='ltr'>relegatione</span> <span class='ocrx_word' id='word_1_24' title='bbox 434 522 669 572; x_wconf 88' lang='lat' dir='ltr'>facerent.</span> 
     </span>
    </p>
   </div>
   <div class='ocr_carea' id='block_1_3' title="bbox 885 613 1162 666">
    <p class='ocr_par' dir='ltr' id='par_1_3' title="bbox 885 613 1162 666">
     <span class='ocr_line' id='line_1_5' title="bbox 885 613 1162 666; baseline 0 0"><span class='ocrx_word' id='word_1_25' title='bbox 885 613 983 666; x_wconf 77' lang='lat' dir='ltr'>Ad</span> <span class='ocrx_word' id='word_1_26' title='bbox 1010 615 1162 666; x_wconf 80' lang='lat'><strong>828.</strong></span> 
     </span>
    </p>
   </div>
   <div class='ocr_carea' id='block_1_4' title="bbox 95 732 1943 1783">
    <p class='ocr_par' dir='ltr' id='par_1_4' title="bbox 95 732 1943 1783">
     <span class='ocr_line' id='line_1_6' title="bbox 244 732 1941 801; baseline 0.002 -19"><span class='ocrx_word' id='word_1_27' title='bbox 244 733 575 783; x_wconf 80' lang='lat' dir='ltr'>Plutarch.</span> <span class='ocrx_word' id='word_1_28' title='bbox 607 732 751 783; x_wconf 88' lang='lat' dir='ltr'>Aris</span> <span class='ocrx_word' id='word_1_29' title='bbox 771 735 815 782; x_wconf 89' lang='lat' dir='ltr'>ti</span> <span class='ocrx_word' id='word_1_30' title='bbox 834 734 877 783; x_wconf 90' lang='lat' dir='ltr'>d.</span> <span class='ocrx_word' id='word_1_31' title='bbox 909 735 952 782; x_wconf 88' lang='lat'>7:</span> <span class='ocrx_word' id='word_1_32' title='bbox 983 736 1095 783; x_wconf 90' lang='lat' dir='ltr'>Non</span> <span class='ocrx_word' id='word_1_33' title='bbox 1112 735 1441 800; x_wconf 90' lang='lat' dir='ltr'>improbitatis</span> <span class='ocrx_word' id='word_1_34' title='bbox 1470 753 1631 801; x_wconf 85' lang='lat' dir='ltr'>poena</span> <span class='ocrx_word' id='word_1_35' title='bbox 1659 743 1762 785; x_wconf 90' lang='lat' dir='ltr'>erat</span> <span class='ocrx_word' id='word_1_36' title='bbox 1789 743 1941 786; x_wconf 87' lang='lat' dir='ltr'>ostra-</span> 
     </span>
     <span class='ocr_line' id='line_1_7' title="bbox 101 817 1940 884; baseline 0 -17"><span class='ocrx_word' id='word_1_37' title='bbox 101 820 304 879; x_wconf 88' lang='lat' dir='ltr'>cismus,</span> <span class='ocrx_word' id='word_1_38' title='bbox 345 817 431 866; x_wconf 90' lang='lat' dir='ltr'>sed</span> <span class='ocrx_word' id='word_1_39' title='bbox 471 817 734 866; x_wconf 90' lang='lat' dir='ltr'>honestum</span> <span class='ocrx_word' id='word_1_40' title='bbox 774 836 951 867; x_wconf 81' lang='lat' dir='ltr'>nomen</span> <span class='ocrx_word' id='word_1_41' title='bbox 993 818 1277 884; x_wconf 89' lang='lat' dir='ltr'>impositum</span> <span class='ocrx_word' id='word_1_42' title='bbox 1314 819 1409 879; x_wconf 89' lang='lat' dir='ltr'>rei,</span> <span class='ocrx_word' id='word_1_43' title='bbox 1451 826 1503 867; x_wconf 87' lang='lat' dir='ltr'>ut</span> <span class='ocrx_word' id='word_1_44' title='bbox 1541 819 1842 868; x_wconf 76' lang='lat' dir='ltr'>auctoritatis</span> <span class='ocrx_word' id='word_1_45' title='bbox 1869 820 1940 867; x_wconf 93' lang='lat' dir='ltr'>ni-</span> 
     </span>
     <span class='ocr_line' id='line_1_8' title="bbox 99 901 1940 967; baseline 0.001 -18"><span class='ocrx_word' id='word_1_46' title='bbox 99 903 322 967; x_wconf 88' lang='lat' dir='ltr'>miaeque</span> <span class='ocrx_word' id='word_1_47' title='bbox 350 901 601 966; x_wconf 87' lang='lat' dir='ltr'>potentiae</span> <span class='ocrx_word' id='word_1_48' title='bbox 630 901 902 951; x_wconf 86' lang='lat' dir='ltr'>imminutio</span> <span class='ocrx_word' id='word_1_49' title='bbox 932 910 978 950; x_wconf 91' lang='lat' dir='ltr'>et</span> <span class='ocrx_word' id='word_1_50' title='bbox 1011 902 1240 951; x_wconf 75' lang='lat' dir='ltr'>coercitio</span> <span class='ocrx_word' id='word_1_51' title='bbox 1280 902 1548 963; x_wconf 81' lang='lat' dir='ltr'>diceretur3</span> <span class='ocrx_word' id='word_1_52' title='bbox 1590 911 1789 967; x_wconf 84' lang='lat' dir='ltr'>eratque</span> <span class='ocrx_word' id='word_1_53' title='bbox 1816 903 1940 951; x_wconf 90' lang='lat' dir='ltr'>invi-</span> 
     </span>
     <span class='ocr_line' id='line_1_9' title="bbox 99 984 1942 1051; baseline 0.002 -19"><span class='ocrx_word' id='word_1_54' title='bbox 99 984 208 1034; x_wconf 83' lang='lat' dir='ltr'>diae</span> <span class='ocrx_word' id='word_1_55' title='bbox 247 986 462 1034; x_wconf 88' lang='lat' dir='ltr'>lenimen</span> <span class='ocrx_word' id='word_1_56' title='bbox 501 984 782 1045; x_wconf 80' lang='lat' dir='ltr'>tolerabile,</span> <span class='ocrx_word' id='word_1_57' title='bbox 829 1002 951 1049; x_wconf 90' lang='lat' dir='ltr'>quae</span> <span class='ocrx_word' id='word_1_58' title='bbox 991 984 1157 1034; x_wconf 87' lang='lat' dir='ltr'>odium</span> <span class='ocrx_word' id='word_1_59' title='bbox 1197 1002 1339 1033; x_wconf 90' lang='lat' dir='ltr'>suum</span> <span class='ocrx_word' id='word_1_60' title='bbox 1379 1003 1480 1033; x_wconf 92' lang='lat' dir='ltr'>non</span> <span class='ocrx_word' id='word_1_61' title='bbox 1521 993 1739 1035; x_wconf 84' lang='lat' dir='ltr'>extremo</span> <span class='ocrx_word' id='word_1_62' title='bbox 1779 986 1942 1051; x_wconf 89' lang='lat' dir='ltr'>aliquo</span> 
     </span>
     <span class='ocr_line' id='line_1_10' title="bbox 97 1067 1940 1130; baseline 0.001 -15"><span class='ocrx_word' id='word_1_63' title='bbox 97 1069 253 1130; x_wconf 89' lang='lat' dir='ltr'>ma10,</span> <span class='ocrx_word' id='word_1_64' title='bbox 293 1068 377 1117; x_wconf 88' lang='lat' dir='ltr'>sed</span> <span class='ocrx_word' id='word_1_65' title='bbox 407 1067 665 1116; x_wconf 82' lang='lat' dir='ltr'>decennali</span> <span class='ocrx_word' id='word_1_66' title='bbox 693 1067 903 1116; x_wconf 90' lang='lat' dir='ltr'>hominis</span> <span class='ocrx_word' id='word_1_67' title='bbox 930 1069 1075 1116; x_wconf 88' lang='lat' dir='ltr'>invisi</span> <span class='ocrx_word' id='word_1_68' title='bbox 1104 1067 1329 1117; x_wconf 89' lang='lat' dir='ltr'>absentia</span> <span class='ocrx_word' id='word_1_69' title='bbox 1356 1075 1675 1117; x_wconf 84' lang='lat' dir='ltr'>exsaturaret.</span> <span class='ocrx_word' id='word_1_70' title='bbox 1727 1068 1825 1118; x_wconf 85' lang='lat' dir='ltr'>Res</span> <span class='ocrx_word' id='word_1_71' title='bbox 1857 1087 1940 1117; x_wconf 93' lang='lat' dir='ltr'>au-</span> 
     </span>
     <span class='ocr_line' id='line_1_11' title="bbox 98 1149 1943 1215; baseline 0.001 -16"><span class='ocrx_word' id='word_1_72' title='bbox 98 1158 198 1199; x_wconf 89' lang='lat' dir='ltr'>tem</span> <span class='ocrx_word' id='word_1_73' title='bbox 234 1153 303 1200; x_wconf 86' lang='lat' dir='ltr'>ita</span> <span class='ocrx_word' id='word_1_74' title='bbox 341 1151 614 1215; x_wconf 81' lang='lat' dir='ltr'>agebatur:</span> <span class='ocrx_word' id='word_1_75' title='bbox 668 1149 1020 1215; x_wconf 89' lang='lat' dir='ltr'>Unusquilibet</span> <span class='ocrx_word' id='word_1_76' title='bbox 1058 1150 1179 1200; x_wconf 91' lang='lat' dir='ltr'>civis</span> <span class='ocrx_word' id='word_1_77' title='bbox 1232 1157 1385 1199; x_wconf 89' lang='lat' dir='ltr'>testae</span> <span class='ocrx_word' id='word_1_78' title='bbox 1425 1168 1603 1200; x_wconf 89' lang='lat' dir='ltr'>nomen</span> <span class='ocrx_word' id='word_1_79' title='bbox 1643 1151 1943 1200; x_wconf 80' lang='lat' dir='ltr'>inscribebat</span> 
     </span>
     <span class='ocr_line' id='line_1_12' title="bbox 98 1233 1939 1300; baseline 0.001 -18"><span class='ocrx_word' id='word_1_80' title='bbox 98 1234 225 1299; x_wconf 88' lang='lat' dir='ltr'>ejus,</span> <span class='ocrx_word' id='word_1_81' title='bbox 255 1251 401 1300; x_wconf 90' lang='lat' dir='ltr'>quem</span> <span class='ocrx_word' id='word_1_82' title='bbox 429 1235 550 1282; x_wconf 93' lang='lat' dir='ltr'>urbe</span> <span class='ocrx_word' id='word_1_83' title='bbox 579 1233 695 1299; x_wconf 91' lang='lat' dir='ltr'>pelli</span> <span class='ocrx_word' id='word_1_84' title='bbox 723 1233 949 1293; x_wconf 83' lang='lat' dir='ltr'>volebat3</span> <span class='ocrx_word' id='word_1_85' title='bbox 989 1251 1074 1282; x_wconf 91' lang='lat' dir='ltr'>eae</span> <span class='ocrx_word' id='word_1_86' title='bbox 1108 1240 1263 1282; x_wconf 89' lang='lat' dir='ltr'>testae</span> <span class='ocrx_word' id='word_1_87' title='bbox 1291 1234 1341 1281; x_wconf 92' lang='lat' dir='ltr'>in</span> <span class='ocrx_word' id='word_1_88' title='bbox 1369 1234 1632 1298; x_wconf 87' lang='lat' dir='ltr'>quemdam</span> <span class='ocrx_word' id='word_1_89' title='bbox 1660 1235 1708 1282; x_wconf 87' lang='lat' dir='ltr'>in</span> <span class='ocrx_word' id='word_1_90' title='bbox 1736 1235 1841 1283; x_wconf 88' lang='lat' dir='ltr'>foro</span> <span class='ocrx_word' id='word_1_91' title='bbox 1869 1235 1939 1283; x_wconf 93' lang='lat' dir='ltr'>lo-</span> 
     </span>
     <span class='ocr_line' id='line_1_13' title="bbox 97 1315 1940 1383; baseline 0 -18"><span class='ocrx_word' id='word_1_92' title='bbox 97 1335 229 1379; x_wconf 87' lang='lat' dir='ltr'>cum,</span> <span class='ocrx_word' id='word_1_93' title='bbox 259 1325 452 1383; x_wconf 86' lang='lat' dir='ltr'>septum</span> <span class='ocrx_word' id='word_1_94' title='bbox 479 1317 696 1380; x_wconf 90' lang='lat' dir='ltr'>undique</span> <span class='ocrx_word' id='word_1_95' title='bbox 725 1316 983 1377; x_wconf 82' lang='lat' dir='ltr'>cancellis,</span> <span class='ocrx_word' id='word_1_96' title='bbox 1015 1315 1462 1381; x_wconf 84' lang='lat' dir='ltr'>comportabantur.</span> <span class='ocrx_word' id='word_1_97' title='bbox 1517 1317 1832 1379; x_wconf 80' lang='lat' dir='ltr'>Magistratus</span> <span class='ocrx_word' id='word_1_98' title='bbox 1860 1317 1940 1365; x_wconf 89' lang='lat' dir='ltr'>de-</span> 
     </span>
     <span class='ocr_line' id='line_1_14' title="bbox 95 1399 1940 1466; baseline 0 -18"><span class='ocrx_word' id='word_1_99' title='bbox 95 1399 209 1448; x_wconf 89' lang='lat' dir='ltr'>inde</span> <span class='ocrx_word' id='word_1_100' title='bbox 236 1401 444 1466; x_wconf 89' lang='lat' dir='ltr'>primum</span> <span class='ocrx_word' id='word_1_101' title='bbox 477 1407 715 1448; x_wconf 84' lang='lat' dir='ltr'>testarum</span> <span class='ocrx_word' id='word_1_102' title='bbox 742 1417 998 1447; x_wconf 87' lang='lat' dir='ltr'>numerum</span> <span class='ocrx_word' id='word_1_103' title='bbox 1025 1400 1073 1447; x_wconf 89' lang='lat' dir='ltr'>in</span> <span class='ocrx_word' id='word_1_104' title='bbox 1103 1400 1178 1448; x_wconf 91' lang='lat' dir='ltr'>his</span> <span class='ocrx_word' id='word_1_105' title='bbox 1205 1401 1385 1461; x_wconf 77' lang='lat' dir='ltr'>inibat3</span> <span class='ocrx_word' id='word_1_106' title='bbox 1414 1417 1527 1448; x_wconf 86' lang='lat' dir='ltr'>nam</span> <span class='ocrx_word' id='word_1_107' title='bbox 1550 1401 1639 1448; x_wconf 91' lang='lat' dir='ltr'>nisi</span> <span class='ocrx_word' id='word_1_108' title='bbox 1669 1408 1829 1448; x_wconf 84' lang='lat' dir='ltr'>essent</span> <span class='ocrx_word' id='word_1_109' title='bbox 1857 1418 1940 1449; x_wconf 86' lang='lat' dir='ltr'>sex</span> 
     </span>
     <span class='ocr_line' id='line_1_15' title="bbox 97 1482 1939 1548; baseline -0.001 -16"><span class='ocrx_word' id='word_1_110' title='bbox 97 1482 247 1532; x_wconf 88' lang='lat' dir='ltr'>millia</span> <span class='ocrx_word' id='word_1_111' title='bbox 272 1483 619 1541; x_wconf 85' lang='lat' dir='ltr'>scribentium,</span> <span class='ocrx_word' id='word_1_112' title='bbox 662 1483 976 1544; x_wconf 86' lang='lat' dir='ltr'>ostracismus</span> <span class='ocrx_word' id='word_1_113' title='bbox 1004 1501 1105 1531; x_wconf 89' lang='lat' dir='ltr'>non</span> <span class='ocrx_word' id='word_1_114' title='bbox 1133 1492 1236 1532; x_wconf 88' lang='lat' dir='ltr'>erat</span> <span class='ocrx_word' id='word_1_115' title='bbox 1262 1484 1540 1548; x_wconf 67' lang='lat' dir='ltr'>perfectus,</span> <span class='ocrx_word' id='word_1_116' title='bbox 1582 1483 1758 1532; x_wconf 87' lang='lat' dir='ltr'>deinde</span> <span class='ocrx_word' id='word_1_117' title='bbox 1788 1484 1939 1531; x_wconf 90' lang='lat' dir='ltr'>nomi-</span> 
     </span>
     <span class='ocr_line' id='line_1_16' title="bbox 96 1566 1938 1632; baseline 0 -18"><span class='ocrx_word' id='word_1_118' title='bbox 96 1567 240 1615; x_wconf 85' lang='lat' dir='ltr'>nibus</span> <span class='ocrx_word' id='word_1_119' title='bbox 268 1567 572 1630; x_wconf 88' lang='lat' dir='ltr'>singulorum</span> <span class='ocrx_word' id='word_1_120' title='bbox 601 1584 820 1615; x_wconf 87' lang='lat' dir='ltr'>seorsum</span> <span class='ocrx_word' id='word_1_121' title='bbox 846 1567 1048 1632; x_wconf 87' lang='lat' dir='ltr'>positis,</span> <span class='ocrx_word' id='word_1_122' title='bbox 1090 1567 1158 1627; x_wconf 89' lang='lat' dir='ltr'>ei,</span> <span class='ocrx_word' id='word_1_123' title='bbox 1202 1567 1281 1631; x_wconf 91' lang='lat' dir='ltr'>qui</span> <span class='ocrx_word' id='word_1_124' title='bbox 1324 1566 1549 1632; x_wconf 90' lang='lat' dir='ltr'>plurimis</span> <span class='ocrx_word' id='word_1_125' title='bbox 1577 1575 1811 1615; x_wconf 87' lang='lat' dir='ltr'>testarum</span> <span class='ocrx_word' id='word_1_126' title='bbox 1840 1568 1938 1615; x_wconf 87' lang='lat' dir='ltr'>suf-</span> 
     </span>
     <span class='ocr_line' id='line_1_17' title="bbox 95 1649 1940 1714; baseline 0 -17"><span class='ocrx_word' id='word_1_127' title='bbox 95 1650 264 1714; x_wconf 87' lang='lat' dir='ltr'>fragiis</span> <span class='ocrx_word' id='word_1_128' title='bbox 290 1649 630 1709; x_wconf 84' lang='lat' dir='ltr'>damnaretur,</span> <span class='ocrx_word' id='word_1_129' title='bbox 673 1650 914 1699; x_wconf 89' lang='lat' dir='ltr'>decennio</span> <span class='ocrx_word' id='word_1_130' title='bbox 955 1651 1074 1699; x_wconf 85' lang='lat' dir='ltr'>urbe</span> <span class='ocrx_word' id='word_1_131' title='bbox 1117 1649 1529 1712; x_wconf 83' lang='lat' dir='ltr'>interdicebatur,</span> <span class='ocrx_word' id='word_1_132' title='bbox 1576 1651 1645 1698; x_wconf 89' lang='lat' dir='ltr'>sic</span> <span class='ocrx_word' id='word_1_133' title='bbox 1685 1658 1848 1699; x_wconf 86' lang='lat' dir='ltr'>tamen</span> <span class='ocrx_word' id='word_1_134' title='bbox 1889 1657 1940 1697; x_wconf 89' lang='lat' dir='ltr'>ut</span> 
     </span>
     <span class='ocr_line' id='line_1_18' title="bbox 95 1734 789 1783; baseline -0.001 -1"><span class='ocrx_word' id='word_1_135' title='bbox 95 1734 186 1782; x_wconf 84' lang='lat' dir='ltr'>frui</span> <span class='ocrx_word' id='word_1_136' title='bbox 214 1734 386 1782; x_wconf 87' lang='lat' dir='ltr'>liceret</span> <span class='ocrx_word' id='word_1_137' title='bbox 412 1735 510 1782; x_wconf 89' lang='lat' dir='ltr'>suis</span> <span class='ocrx_word' id='word_1_138' title='bbox 538 1734 789 1783; x_wconf 87' lang='lat' dir='ltr'>reditibus.</span> 
     </span>
    </p>
   </div>
   <div class='ocr_carea' id='block_1_5' title="bbox 95 1829 1938 2408">
    <p class='ocr_par' dir='ltr' id='par_1_5' title="bbox 95 1829 1938 2060">
     <span class='ocr_line' id='line_1_19' title="bbox 239 1829 1938 1894; baseline -0.002 -15"><span class='ocrx_word' id='word_1_139' title='bbox 239 1829 489 1879; x_wconf 85' lang='lat' dir='ltr'>Aelian.</span> <span class='ocrx_word' id='word_1_140' title='bbox 518 1830 658 1878; x_wconf 87' lang='lat' dir='ltr'>Var.</span> <span class='ocrx_word' id='word_1_141' title='bbox 694 1830 854 1879; x_wconf 89' lang='lat' dir='ltr'>Hist.</span> <span class='ocrx_word' id='word_1_142' title='bbox 883 1831 1022 1891; x_wconf 86' lang='lat' dir='ltr'>XIII,</span> <span class='ocrx_word' id='word_1_143' title='bbox 1054 1831 1145 1878; x_wconf 82' lang='lat'>24:</span> <span class='ocrx_word' id='word_1_144' title='bbox 1176 1831 1454 1880; x_wconf 83' lang='lat' dir='ltr'>Clisthenes</span> <span class='ocrx_word' id='word_1_145' title='bbox 1484 1830 1811 1888; x_wconf 76' lang='lat' dir='ltr'>Atheniensis,</span> <span class='ocrx_word' id='word_1_146' title='bbox 1841 1830 1938 1894; x_wconf 90' lang='lat' dir='ltr'>pri-</span> 
     </span>
     <span class='ocr_line' id='line_1_20' title="bbox 97 1913 1937 1979; baseline -0.001 -19"><span class='ocrx_word' id='word_1_147' title='bbox 97 1930 204 1961; x_wconf 88' lang='lat' dir='ltr'>mus</span> <span class='ocrx_word' id='word_1_148' title='bbox 233 1930 381 1976; x_wconf 89' lang='lat' dir='ltr'>quum</span> <span class='ocrx_word' id='word_1_149' title='bbox 408 1913 784 1973; x_wconf 83' lang='lat' dir='ltr'>introduxisset,</span> <span class='ocrx_word' id='word_1_150' title='bbox 827 1921 1051 1978; x_wconf 90' lang='lat' dir='ltr'>oportere</span> <span class='ocrx_word' id='word_1_151' title='bbox 1080 1914 1320 1979; x_wconf 87' lang='lat' dir='ltr'>quosdam</span> <span class='ocrx_word' id='word_1_152' title='bbox 1347 1915 1634 1963; x_wconf 86' lang='lat' dir='ltr'>ostracismo</span> <span class='ocrx_word' id='word_1_153' title='bbox 1664 1913 1798 1979; x_wconf 73' lang='lat' dir='ltr'>ejici,</span> <span class='ocrx_word' id='word_1_154' title='bbox 1834 1913 1937 1977; x_wconf 90' lang='lat' dir='ltr'>ipse</span> 
     </span>
     <span class='ocr_line' id='line_1_21' title="bbox 95 1995 680 2060; baseline 0.003 -18"><span class='ocrx_word' id='word_1_155' title='bbox 95 1995 280 2060; x_wconf 90' lang='lat' dir='ltr'>primus</span> <span class='ocrx_word' id='word_1_156' title='bbox 307 1995 567 2044; x_wconf 86' lang='lat' dir='ltr'>damnatus</span> <span class='ocrx_word' id='word_1_157' title='bbox 594 2004 680 2044; x_wconf 91' lang='lat' dir='ltr'>est.</span> 
     </span>
    </p>

    <p class='ocr_par' dir='ltr' id='par_1_6' title="bbox 96 2089 1938 2408">
     <span class='ocr_line' id='line_1_22' title="bbox 239 2089 1938 2159; baseline 0.001 -20"><span class='ocrx_word' id='word_1_158' title='bbox 239 2089 521 2139; x_wconf 84' lang='lat' dir='ltr'>Secundum</span> <span class='ocrx_word' id='word_1_159' title='bbox 549 2092 899 2140; x_wconf 88' lang='lat' dir='ltr'>Philochorum</span> <span class='ocrx_word' id='word_1_160' title='bbox 937 2093 1143 2156; x_wconf 83' lang='lat' dir='ltr'>(fragm.</span> <span class='ocrx_word' id='word_1_161' title='bbox 1174 2092 1256 2153; x_wconf 80' lang='lat'>79,</span> <span class='ocrx_word' id='word_1_162' title='bbox 1283 2094 1341 2152; x_wconf 84' lang='lat' dir='ltr'>h)</span> <span class='ocrx_word' id='word_1_163' title='bbox 1382 2094 1595 2159; x_wconf 90' lang='lat' dir='ltr'>populus</span> <span class='ocrx_word' id='word_1_164' title='bbox 1624 2099 1735 2140; x_wconf 86' lang='lat' dir='ltr'>ante</span> <span class='ocrx_word' id='word_1_165' title='bbox 1774 2098 1938 2140; x_wconf 83' lang='lat' dir='ltr'>octa-</span> 
     </span>
     <span class='ocr_line' id='line_1_23' title="bbox 96 2175 1936 2239; baseline 0.001 -19"><span class='ocrx_word' id='word_1_166' title='bbox 96 2191 230 2221; x_wconf 88' lang='lat' dir='ltr'>vam</span> <span class='ocrx_word' id='word_1_167' title='bbox 269 2175 551 2239; x_wconf 87' lang='lat' dir='ltr'>prytaniam</span> <span class='ocrx_word' id='word_1_168' title='bbox 592 2175 839 2238; x_wconf 86' lang='lat' dir='ltr'>suffragiis</span> <span class='ocrx_word' id='word_1_169' title='bbox 881 2175 1126 2235; x_wconf 89' lang='lat' dir='ltr'>decernit,</span> <span class='ocrx_word' id='word_1_170' title='bbox 1169 2193 1287 2224; x_wconf 87' lang='lat' dir='ltr'>num</span> <span class='ocrx_word' id='word_1_171' title='bbox 1328 2177 1668 2225; x_wconf 88' lang='lat' dir='ltr'>ostracismum</span> <span class='ocrx_word' id='word_1_172' title='bbox 1708 2191 1936 2222; x_wconf 85' lang='lat' dir='ltr'>exercere</span> 
     </span>
     <span class='ocr_line' id='line_1_24' title="bbox 96 2256 1934 2325; baseline 0 -22"><span class='ocrx_word' id='word_1_173' title='bbox 96 2256 226 2304; x_wconf 87' lang='lat' dir='ltr'>velit.</span> <span class='ocrx_word' id='word_1_174' title='bbox 269 2257 363 2306; x_wconf 81' lang='lat' dir='ltr'>Sed</span> <span class='ocrx_word' id='word_1_175' title='bbox 393 2260 743 2321; x_wconf 85' lang='lat' dir='ltr'>grammaticus</span> <span class='ocrx_word' id='word_1_176' title='bbox 771 2261 984 2307; x_wconf 86' lang='lat' dir='ltr'>incertus</span> <span class='ocrx_word' id='word_1_177' title='bbox 1012 2260 1061 2307; x_wconf 92' lang='lat' dir='ltr'>in</span> <span class='ocrx_word' id='word_1_178' title='bbox 1090 2259 1379 2324; x_wconf 82' lang='lat' dir='ltr'>Appendiee</span> <span class='ocrx_word' id='word_1_179' title='bbox 1410 2261 1573 2310; x_wconf 87' lang='lat' dir='ltr'>Photii</span> <span class='ocrx_word' id='word_1_180' title='bbox 1603 2264 1674 2325; x_wconf 84' lang='lat' dir='ltr'>(p.</span> <span class='ocrx_word' id='word_1_181' title='bbox 1695 2258 1810 2315; x_wconf 81' lang='lat'>672,</span> <span class='ocrx_word' id='word_1_182' title='bbox 1843 2257 1934 2316; x_wconf 82' lang='lat'>12)</span> 
     </span>
     <span class='ocr_line' id='line_1_25' title="bbox 97 2339 1208 2408; baseline 0.004 -21"><span class='ocrx_word' id='word_1_183' title='bbox 97 2339 214 2388; x_wconf 88' lang='lat' dir='ltr'>dicit</span> <span class='ocrx_word' id='word_1_184' title='bbox 239 2341 333 2389; x_wconf 90' lang='lat' dir='ltr'>hoc</span> <span class='ocrx_word' id='word_1_185' title='bbox 360 2360 381 2389; x_wconf 90' lang='lat' dir='ltr'>s</span> <span class='ocrx_word' id='word_1_186' title='bbox 398 2360 421 2388; x_wconf 91' lang='lat' dir='ltr'>e</span> <span class='ocrx_word' id='word_1_187' title='bbox 439 2350 547 2390; x_wconf 80' lang='lat' dir='ltr'>xta</span> <span class='ocrx_word' id='word_1_188' title='bbox 580 2343 810 2408; x_wconf 86' lang='lat' dir='ltr'>prytania</span> <span class='ocrx_word' id='word_1_189' title='bbox 836 2343 1022 2391; x_wconf 85' lang='lat' dir='ltr'>factum</span> <span class='ocrx_word' id='word_1_190' title='bbox 1048 2343 1208 2392; x_wconf 85' lang='lat' dir='ltr'>fuisse.</span> 
     </span>
    </p>
   </div>
   <div class='ocr_carea' id='block_1_6' title="bbox 239 2423 1157 2620">
    <p class='ocr_par' dir='ltr' id='par_1_7' title="bbox 239 2423 1157 2620">
     <span class='ocr_line' id='line_1_26' title="bbox 239 2423 976 2491; baseline 0.003 -20"><span class='ocrx_word' id='word_1_191' title='bbox 239 2423 313 2472; x_wconf 82' lang='lat' dir='ltr'>Cf.</span> <span class='ocrx_word' id='word_1_192' title='bbox 340 2425 525 2474; x_wconf 81' lang='lat' dir='ltr'>Lexica</span> <span class='ocrx_word' id='word_1_193' title='bbox 551 2425 754 2490; x_wconf 80' lang='lat' dir='ltr'>Seguer.</span> <span class='ocrx_word' id='word_1_194' title='bbox 782 2444 828 2491; x_wconf 92' lang='lat' dir='ltr'>p.</span> <span class='ocrx_word' id='word_1_195' title='bbox 860 2427 976 2474; x_wconf 83' lang='lat'>285.</span> 
     </span>
     <span class='ocr_line' id='line_1_27' title="bbox 880 2565 1157 2620; baseline 0.004 -2"><span class='ocrx_word' id='word_1_196' title='bbox 880 2565 979 2619; x_wconf 81' lang='lat' dir='ltr'>Ad</span> <span class='ocrx_word' id='word_1_197' title='bbox 1006 2568 1157 2620; x_wconf 80' lang='lat'><strong>830.</strong></span> 
     </span>
    </p>
   </div>
   <div class='ocr_carea' id='block_1_7' title="bbox 96 2686 1936 3421">
    <p class='ocr_par' dir='ltr' id='par_1_8' title="bbox 96 2686 1936 3083">
     <span class='ocr_line' id='line_1_28' title="bbox 239 2686 1934 2749; baseline 0.002 -16"><span class='ocrx_word' id='word_1_198' title='bbox 239 2686 439 2734; x_wconf 89' lang='lat' dir='ltr'>Initium</span> <span class='ocrx_word' id='word_1_199' title='bbox 466 2687 589 2749; x_wconf 80' lang='lat' dir='ltr'>legis</span> <span class='ocrx_word' id='word_1_200' title='bbox 616 2688 665 2735; x_wconf 89' lang='lat' dir='ltr'>in</span> <span class='ocrx_word' id='word_1_201' title='bbox 693 2688 1010 2737; x_wconf 87' lang='lat' dir='ltr'>Demosthen.</span> <span class='ocrx_word' id='word_1_202' title='bbox 1039 2689 1239 2738; x_wconf 74' lang='lat' dir='ltr'>Macar-t.</span> <span class='ocrx_word' id='word_1_203' title='bbox 1273 2690 1421 2749; x_wconf 80' lang='lat'>1068,</span> <span class='ocrx_word' id='word_1_204' title='bbox 1458 2691 1524 2738; x_wconf 88' lang='lat' dir='ltr'>ita</span> <span class='ocrx_word' id='word_1_205' title='bbox 1551 2689 1654 2736; x_wconf 75' lang='lat' dir='ltr'>vult</span> <span class='ocrx_word' id='word_1_206' title='bbox 1681 2689 1934 2737; x_wconf 88' lang='lat' dir='ltr'>restituere</span> 
     </span>
     <span class='ocr_line' id='line_1_29' title="bbox 96 2767 1936 2837; baseline 0 -20"><span class='ocrx_word' id='word_1_207' title='bbox 96 2768 428 2831; x_wconf 82' lang='lat' dir='ltr'>Schellingius</span> <span class='ocrx_word' id='word_1_208' title='bbox 455 2773 594 2834; x_wconf 86' lang='lat' dir='ltr'>(pag.</span> <span class='ocrx_word' id='word_1_209' title='bbox 626 2772 743 2829; x_wconf 86' lang='lat'>72):</span> <span class='ocrx_word' id='word_1_210' title='bbox 788 2773 1062 2832; x_wconf 77' lang='grc' dir='ltr'><em>Προειπεῐν</em></span> <span class='ocrx_word' id='word_1_211' title='bbox 1090 2771 1160 2835; x_wconf 70' lang='grc' dir='ltr'>τῷ</span> <span class='ocrx_word' id='word_1_212' title='bbox 1195 2773 1451 2819; x_wconf 79' lang='grc' dir='ltr'><em>κτείναντι</em></span> <span class='ocrx_word' id='word_1_213' title='bbox 1495 2774 1549 2818; x_wconf 73' lang='grc' dir='ltr'>ἐν</span> <span class='ocrx_word' id='word_1_214' title='bbox 1589 2767 1750 2837; x_wconf 67' lang='grc' dir='ltr'><em>ἀγορᾷ</em></span> <span class='ocrx_word' id='word_1_215' title='bbox 1791 2768 1936 2832; x_wconf 78' lang='grc' dir='ltr'>(τούς</span> 
     </span>
     <span class='ocr_line' id='line_1_30' title="bbox 97 2849 1932 2922; baseline -0.001 -17"><span class='ocrx_word' id='word_1_216' title='bbox 97 2853 379 2916; x_wconf 65' lang='grc' dir='ltr'>ὄϋγγὲνδῖς)</span> <span class='ocrx_word' id='word_1_217' title='bbox 419 2849 612 2907; x_wconf 61' lang='grc' dir='ltr'><strong><em>ἐκτὸς</em></strong></span> <span class='ocrx_word' id='word_1_218' title='bbox 652 2849 981 2917; x_wconf 68' lang='grc' dir='ltr'>ἀνεψιότητος</span> <span class='ocrx_word' id='word_1_219' title='bbox 1023 2858 1080 2916; x_wconf 84' lang='lat' dir='ltr'>(ii</span> <span class='ocrx_word' id='word_1_220' title='bbox 1115 2857 1531 2922; x_wconf 87' lang='lat' dir='ltr'>propinguorum,</span> <span class='ocrx_word' id='word_1_221' title='bbox 1573 2856 1652 2919; x_wconf 86' lang='lat' dir='ltr'>qui</span> <span class='ocrx_word' id='word_1_222' title='bbox 1682 2864 1793 2904; x_wconf 83' lang='lat' dir='ltr'>sunt</span> <span class='ocrx_word' id='word_1_223' title='bbox 1823 2874 1932 2919; x_wconf 71' lang='lat' dir='ltr'>pro-</span> 
     </span>
     <span class='ocr_line' id='line_1_31' title="bbox 96 2934 1931 3001; baseline -0.001 -18"><span class='ocrx_word' id='word_1_224' title='bbox 96 2935 260 3000; x_wconf 90' lang='lat' dir='ltr'>piores</span> <span class='ocrx_word' id='word_1_225' title='bbox 289 2953 434 2999; x_wconf 86' lang='lat' dir='ltr'>quam</span> <span class='ocrx_word' id='word_1_226' title='bbox 463 2935 698 2996; x_wconf 86' lang='lat' dir='ltr'>sobrini)·</span> <span class='ocrx_word' id='word_1_227' title='bbox 738 2940 826 2984; x_wconf 75' lang='grc' dir='ltr'>καὶ</span> <span class='ocrx_word' id='word_1_228' title='bbox 867 2934 1116 3001; x_wconf 73' lang='grc' dir='ltr'><em>ἀνεψιούς</em></span> <span class='ocrx_word' id='word_1_229' title='bbox 1156 2935 1459 2985; x_wconf 71' lang='grc' dir='ltr'>συνδιώκειν</span> <span class='ocrx_word' id='word_1_230' title='bbox 1495 2957 1543 2984; x_wconf 82' lang='grc' dir='ltr'>τε</span> <span class='ocrx_word' id='word_1_231' title='bbox 1582 2940 1674 2985; x_wconf 75' lang='grc' dir='ltr'>καὶ</span> <span class='ocrx_word' id='word_1_232' title='bbox 1703 2934 1931 3001; x_wconf 78' lang='grc' dir='ltr'><em>ἀνεψιῶν</em></span> 
     </span>
     <span class='ocr_line' id='line_1_32' title="bbox 99 3015 1099 3083; baseline 0.006 -21"><span class='ocrx_word' id='word_1_233' title='bbox 99 3015 278 3071; x_wconf 79' lang='grc' dir='ltr'><em>παῖδας</em></span> <span class='ocrx_word' id='word_1_234' title='bbox 305 3020 395 3064; x_wconf 72' lang='grc' dir='ltr'>καὶ</span> <span class='ocrx_word' id='word_1_235' title='bbox 424 3016 688 3083; x_wconf 70' lang='grc' dir='ltr'>γαμβρούς</span> <span class='ocrx_word' id='word_1_236' title='bbox 715 3023 804 3067; x_wconf 78' lang='grc' dir='ltr'>καὶ</span> <span class='ocrx_word' id='word_1_237' title='bbox 832 3020 1099 3083; x_wconf 61' lang='grc' dir='ltr'><em>φράτορας.</em></span> 
     </span>
    </p>

    <p class='ocr_par' dir='ltr' id='par_1_9' title="bbox 97 3112 1932 3421">
     <span class='ocr_line' id='line_1_33' title="bbox 240 3112 1932 3183; baseline -0.001 -22"><span class='ocrx_word' id='word_1_238' title='bbox 240 3112 404 3176; x_wconf 89' lang='lat' dir='ltr'>Vulgo</span> <span class='ocrx_word' id='word_1_239' title='bbox 432 3114 554 3162; x_wconf 77' lang='lat' dir='ltr'>haec.</span> <span class='ocrx_word' id='word_1_240' title='bbox 581 3115 837 3180; x_wconf 89' lang='lat' dir='ltr'>leguntur:</span> <span class='ocrx_word' id='word_1_241' title='bbox 882 3120 1156 3179; x_wconf 76' lang='grc' dir='ltr'><em>Προειπεῑν</em></span> <span class='ocrx_word' id='word_1_242' title='bbox 1194 3115 1264 3179; x_wconf 66' lang='grc' dir='ltr'>τῷ</span> <span class='ocrx_word' id='word_1_243' title='bbox 1305 3117 1474 3165; x_wconf 77' lang='grc' dir='ltr'><em>κτείν·</em></span> <span class='ocrx_word' id='word_1_244' title='bbox 1514 3119 1568 3163; x_wconf 76' lang='grc' dir='ltr'>ἐν</span> <span class='ocrx_word' id='word_1_245' title='bbox 1603 3113 1765 3183; x_wconf 69' lang='grc' dir='ltr'><em>ἀγορᾷ</em></span> <span class='ocrx_word' id='word_1_246' title='bbox 1795 3113 1932 3169; x_wconf 68' lang='grc' dir='ltr'><em>ἐντὸς</em></span> 
     </span>
     <span class='ocr_line' id='line_1_34' title="bbox 98 3189 1930 3262; baseline 0.002 -22"><span class='ocrx_word' id='word_1_247' title='bbox 98 3189 428 3256; x_wconf 74' lang='grc' dir='ltr'>ἀνεψιότητος</span> <span class='ocrx_word' id='word_1_248' title='bbox 456 3198 544 3242; x_wconf 76' lang='grc' dir='ltr'>καὶ</span> <span class='ocrx_word' id='word_1_249' title='bbox 574 3192 824 3260; x_wconf 76' lang='grc' dir='ltr'>ἀνεψιοῦ,</span> <span class='ocrx_word' id='word_1_250' title='bbox 854 3198 1156 3247; x_wconf 75' lang='grc' dir='ltr'><em>συνδιώκειν</em></span> <span class='ocrx_word' id='word_1_251' title='bbox 1184 3196 1231 3246; x_wconf 76' lang='grc' dir='ltr'>δὲ</span> <span class='ocrx_word' id='word_1_252' title='bbox 1260 3200 1348 3245; x_wconf 78' lang='grc' dir='ltr'>καὶ</span> <span class='ocrx_word' id='word_1_253' title='bbox 1379 3195 1609 3262; x_wconf 76' lang='grc' dir='ltr'><em>ἀνεψιῶν</em></span> <span class='ocrx_word' id='word_1_254' title='bbox 1637 3198 1814 3253; x_wconf 76' lang='grc' dir='ltr'><em>παῖδας</em></span> <span class='ocrx_word' id='word_1_255' title='bbox 1842 3201 1930 3244; x_wconf 74' lang='grc' dir='ltr'>καὶ</span> 
     </span>
     <span class='ocr_line' id='line_1_35' title="bbox 98 3274 1929 3347; baseline 0.003 -25"><span class='ocrx_word' id='word_1_256' title='bbox 98 3274 362 3341; x_wconf 76' lang='grc' dir='ltr'><em>γαμβρούς</em></span> <span class='ocrx_word' id='word_1_257' title='bbox 389 3281 478 3325; x_wconf 74' lang='grc' dir='ltr'>καὶ</span> <span class='ocrx_word' id='word_1_258' title='bbox 508 3275 754 3343; x_wconf 76' lang='grc' dir='ltr'><em>ἀνεψιούς</em></span> <span class='ocrx_word' id='word_1_259' title='bbox 781 3285 870 3330; x_wconf 79' lang='grc' dir='ltr'>καὶ</span> <span class='ocrx_word' id='word_1_260' title='bbox 900 3278 1179 3345; x_wconf 73' lang='grc' dir='ltr'><em>πενθερούς</em></span> <span class='ocrx_word' id='word_1_261' title='bbox 1207 3283 1297 3329; x_wconf 74' lang='grc' dir='ltr'>καὶ</span> <span class='ocrx_word' id='word_1_262' title='bbox 1326 3277 1651 3347; x_wconf 77' lang='grc' dir='ltr'><em>ἀναψιαδοῦς</em></span> <span class='ocrx_word' id='word_1_263' title='bbox 1677 3284 1766 3328; x_wconf 77' lang='grc' dir='ltr'>καὶ</span> <span class='ocrx_word' id='word_1_264' title='bbox 1796 3278 1929 3344; x_wconf 64' lang='grc' dir='ltr'>φρά-</span> 
     </span>
     <span class='ocr_line' id='line_1_36' title="bbox 97 3376 257 3421; baseline 0 -16"><span class='ocrx_word' id='word_1_265' title='bbox 97 3376 257 3421; x_wconf 80' lang='grc' dir='ltr'><strong><em>τορας.</em></strong></span> 
     </span>
    </p>
   </div>
  </div>
 </body>
</html>
