2161 3673
183 218 248 268 14
905 229 987 262 va
1011 223 1287 258 PUBLICUM.

1053 349 1133 398 43.

321 454 592 502 Puerorum
619 468 755 499 amor
782 455 829 497 et
854 447 982 494 sicca
1006 442 1172 491 unctio
1201 442 1354 492 servis
1380 441 1714 503 interdicitur3
1741 440 2005 490 concubitu

179 545 343 586 tamen
369 536 625 585 mulierum
653 550 751 581 non
777 526 1112 594 prohibentur.

1052 632 1133 681 44.

326 733 440 784 Οὐκ
467 735 653 792 ἔξεστιν
679 725 843 795 ἀργόν
868 728 1068 789 τρέφειν
1093 727 1309 783 οἰκέτην.

869 809 1060 870 (Schol.
1088 810 1139 859 in
1165 806 1418 858 Demosth.
1447 806 1563 855 Mid.
1594 806 1709 868 565,
1738 807 1862 866 27.).

1051 919 1132 967 44.

319 1019 427 1067 Non
455 1017 565 1065 licet
589 1015 799 1063 otiosum
825 1012 955 1061 alere
982 1028 1194 1061 servum.

321 1213 451 1272 Τούς
490 1214 917 1277 ουμμαχήσαντας
954 1216 1009 1260 ἐν
1041 1208 1402 1279 Ἀργινούσαις
1447 1208 1662 1268 δούλους
1699 1211 2004 1275 ἐλευθεροῦ-

177 1306 296 1348 σθαι
328 1303 414 1346 καί
443 1299 778 1365 ἐγγραφέντας
804 1290 869 1350 ὦς
901 1298 1170 1351 Πλαταιεῖς
1196 1293 1669 1358 συμπολιτεύεσθαι.

909 1380 1102 1442 (Schol.
1129 1381 1180 1429 in
1209 1381 1523 1447 Aristophan.
1551 1381 1674 1429 Ran.
1703 1381 1862 1442 706.).

1048 1489 1131 1537 45.

318 1586 356 1635 Ii
382 1601 658 1644 servorum,
699 1585 780 1648 qui
819 1583 881 1632 ad
909 1583 1181 1647 Arginusas
1221 1601 1418 1649 pugnae
1459 1584 1577 1632 socii
1617 1584 1842 1643 fuerunt,
1882 1583 2002 1632 libe-

179 1678 343 1718 rentur
369 1678 416 1716 et
441 1667 658 1731 inseripti
685 1667 839 1715 instar
866 1667 1227 1716 Plataeensium
1254 1668 1357 1715 iure
1385 1668 1598 1716 civitatis
1624 1666 1888 1731 gaudeant.

309 1877 501 1937 ’Ἔξεστι
531 1877 735 1934 δούλοις
760 1881 1058 1942 ἐλευθερίαν
1085 1875 1370 1946 ἀπογνοῦσι
1399 1878 1582 1942 πρᾶσιν
1609 1882 1886 1937 αἰτεῖσθαι,
1915 1884 2004 1928 κατ’

180 1962 418 2020 δεσπότην
438 1960 775 2025 μεταβάλλειν
802 1965 1177 2028 ἐπιεικέστερον.

1019 2047 1293 2107 (Plutarch.
1321 2047 1380 2095 de
1409 2048 1701 2111 superstitio.
1731 2047 1860 2109 IV,).

317 2250 480 2299 Servis
506 2250 814 2309 conceditur,
852 2258 904 2297 ut
930 2248 1152 2297 libertate
1186 2249 1444 2314 desperata
1472 2250 1619 2298 vendi
1646 2268 1696 2298 se
1724 2251 2001 2315 postulent,

178 2335 497 2399 aequioreque
524 2333 722 2382 domino
749 2341 1059 2398 praesentem
1085 2340 1288 2380 mutent.

304 2530 461 2582 ’Ἄνευ
504 2537 826 2598 ψηφίσματος
865 2533 959 2581 τοῦ
1000 2533 1098 2585 τῶν
1130 2531 1430 2591 Ἀθηναίων
1483 2524 1661 2595 δήμου·
1690 2531 1757 2597 μὴ
1802 2535 2003 2591 οἰκέτην

181 2613 552 2683 ἀπελευθεροῦν
578 2623 633 2666 ἐν
658 2617 731 2682 τῷ
760 2617 972 2680 θεάτρῳ.

964 2702 1223 2764 (Aeschin.
1253 2704 1301 2751 in
1329 2703 1634 2768 Ctesiphont.
1664 2700 1706 2767 ξ.
1736 2704 1858 2759 44.).

320 2901 392 2951 Ne
420 2904 525 2968 quis
550 2906 652 2954 sine
681 2906 879 2955 decreto
908 2905 1079 2971 populi
1107 2904 1483 2956 Atheniensium
1508 2906 1558 2954 in
1586 2904 1776 2954 theatro
1802 2921 2000 2952 servum

178 2987 501 3034 manumittat.

305 3181 434 3241 ’Ἑως
460 3182 527 3232 ἄν
552 3189 834 3246 συνίστηται
854 3183 881 3238 ὁ
898 3187 1129 3253 πόλεμος,
1151 3186 1342 3252 μηδένα
1372 3189 1509 3249 ἔχειν
1534 3191 1773 3247 ἐξουσίαν
1796 3185 2025 3238 τύπτειν

176 3266 266 3317 τὸν
293 3268 508 3317 δοῦλον·
538 3272 585 3316 εἰ
610 3270 658 3316 δὲ
680 3269 749 3333 μὴ
769 3310 779 3327 ,
805 3275 889 3320 ἵνα
916 3272 1269 3335 ἐλευθεροῦται
1298 3266 1326 3321 ὅ
1356 3271 1550 3328 δοῦλος.

1283 3357 1556 3417 (Problem.
1584 3357 1705 3407 rhet.
1735 3358 1856 3418 59.).
