2114 3642
640 189 1044 220 COMMENTARws
1077 188 1141 218 Au
1172 188 1250 220 793.
1281 188 1361 220 794.
1390 188 1470 219 802.
1875 175 1974 221 519

134 330 222 378 per
248 314 619 378 magistratum,
648 315 709 363 ad
738 331 885 378 quem
911 316 1144 363 indicatio
1173 315 1413 375 defertur,
1451 315 1502 362 in
1530 314 1674 362 tertia
1702 322 1863 362 autem
1891 333 1979 380 per

134 397 293 461 ipsum
320 405 551 446 actorem.
605 399 734 446 Hinc
775 406 911 463 patet
950 400 997 446 in
1037 399 1109 447 his
1151 399 1308 447 causis
1345 416 1441 446 non
1469 398 1617 445 fuisse
1647 399 1976 445 necessariam

135 480 430 528 citationem.
483 481 717 529 Probatio
755 488 946 541 autem,
990 499 1126 529 rcum
1165 499 1336 529 revera
1375 481 1606 528 delictum
1648 481 1976 541 commisisse,

134 563 327 612 nonnisi
355 572 467 629 post
494 563 598 628 ejus
625 563 1144 628 comprehensionem,
1186 564 1487 622 exigebatur.

915 716 1014 769 Ad
1044 717 1194 768 793.

275 824 351 874 Cf.
382 825 565 874 Lexica
592 824 795 889 Seguer.
824 844 869 890 p.
901 825 1017 873 254.

916 977 1014 1029 Ad
1044 978 1194 1029 794.

274 1085 448 1134 Pollux
478 1087 615 1146 VIII,
648 1087 738 1134 51:
768 1082 968 1132 ἀδικῶν
993 1105 1065 1140 τις
1093 1079 1354 1132 ἁλίσκεται
1388 1081 1415 1142 ἢ
1444 1079 1619 1147 ὄρχων
1649 1080 1676 1141 ἢ
1703 1081 1892 1147 ῥήτωρ.
1923 1124 1931 1133 .
1964 1123 1971 1130 .

131 1163 198 1215 ἂν
217 1167 317 1231 μὲν
337 1171 513 1230 μέτρια
541 1165 742 1216 ἀδικὸῖν
782 1167 941 1230 δοκῇ,
988 1162 1011 1226 ἦ
1041 1165 1202 1230 βουλὴ
1244 1174 1456 1215 ποιεῖται
1502 1169 1675 1229 ζημίας
1715 1164 1972 1229 ἐπιβολήν,

130 1247 199 1299 ἄν
226 1249 274 1297 δὲ
299 1253 484 1313 μείζω,
516 1250 822 1314 παραδίδωσι
854 1249 1177 1314 δικαστηρίῳ.
1221 1252 1299 1312 (Si
1328 1252 1597 1316 iniquitatis
1626 1259 1860 1315 arguatur
1887 1259 1970 1300 aut

130 1336 314 1385 archon
354 1343 436 1385 aut
475 1336 642 1385 rhetor
673 1337 941 1401 quispiam,
984 1337 1021 1384 si
1070 1335 1378 1384 mediocriter
1418 1335 1679 1400 deliquisse
1722 1334 1970 1394 videatur,

129 1426 325 1469 senatus
363 1420 575 1469 mulctae
615 1420 966 1484 irrogationem
1005 1420 1286 1479 constituit,
1328 1419 1366 1467 si
1406 1437 1524 1468 vero
1558 1418 1787 1483 gravius,
1827 1417 1973 1466 tradit

129 1504 405 1564 tribunali.)

269 1682 476 1731 Suidas:
518 1681 825 1746 Εἰσαγγελία
854 1689 901 1730 et
928 1677 1095 1746 γραφή
1126 1682 1374 1731 differunt.
1415 1682 1539 1730 Nam
1580 1680 1665 1729 illa
1693 1679 1893 1744 quidem
1919 1679 1968 1727 in

128 1767 319 1830 magnis
347 1773 395 1814 et
422 1766 631 1831 publicis
659 1766 845 1814 delictis
882 1769 960 1825 fit,
1002 1762 1167 1831 γραφή
1209 1783 1323 1815 vero
1364 1766 1510 1813 etiam
1537 1765 1585 1811 in
1614 1763 1780 1829 parvis
1808 1763 1972 1811 locum

126 1849 289 1898 habet.
341 1849 544 1914 Proprie
583 1856 744 1897 tamen
784 1845 952 1914 γραφή
996 1857 1200 1899 vocatur
1239 1849 1489 1898 accusatio
1532 1865 1727 1906 eorum,
1772 1846 1852 1910 qui
1889 1846 1968 1894 de-

127 1939 261 1981 creta
287 1931 480 1996 legibus
508 1933 754 1981 contraria
781 1934 1097 1998 scripserunt.

268 2026 465 2076 Idem:
508 2028 813 2093 Εἰσαγγελία
842 2035 916 2077 est
940 2029 1138 2093 proprie
1157 2027 1423 2093 judicium.
1464 2026 1593 2090 quod
1638 2025 1696 2073 de
1725 2024 1969 2072 inusitatis

126 2118 173 2158 et
198 2110 410 2176 publicis
449 2109 638 2159 delictis
666 2128 694 2159 a
720 2110 1014 2177 prytanibus
1054 2111 1350 2171 instituitur,
1395 2110 1453 2158 de
1483 2110 1658 2174 quibus
1687 2107 1820 2170 leges
1850 2107 1969 2154 nihil

125 2194 303 2242 diserte
341 2194 697 2258 pronunciant,
735 2195 925 2259 judicia
963 2203 1129 2244 tamen
1170 2195 1274 2242 fieri
1317 2194 1622 2259 permittunt.
1676 2189 1968 2256 Hujusmodi

125 2285 198 2326 est
237 2278 456 2342 quaestio
497 2277 556 2326 de
596 2277 784 2326 delictis
825 2296 924 2327 non
965 2279 1186 2344 scriptis,
1231 2277 1291 2326 de
1332 2276 1512 2342 quibus
1552 2277 1600 2324 in
1636 2275 1967 2339 sophistarum

125 2360 304 2409 scholis
332 2360 713 2409 declamationes
741 2361 910 2410 haberi
939 2360 1112 2410 solent.

267 2454 452 2502 Eadem
479 2454 664 2503 habent
690 2456 872 2504 Lexica
899 2456 1205 2520 Segueriana
1232 2474 1278 2520 p.
1311 2455 1439 2514 244,
1482 2461 1528 2502 et
1567 2453 1753 2502 scholia
1779 2453 1827 2500 in
1855 2452 1963 2500 Pla-

124 2537 253 2586 tonis
281 2537 453 2602 Remp.
483 2556 529 2602 p.
557 2536 711 2585 Bekk.
740 2538 856 2585 417.

267 2632 501 2681 Pollux
529 2632 665 2690 VIII,
697 2633 929 2682 51—53:
970 2634 1298 2682 Denunciatio
1327 2632 1592 2681 constituta
1620 2636 1689 2677 est
1719 2629 1777 2677 de
1803 2630 1962 2694 publi-

122 2718 216 2777 cis,
246 2732 344 2762 non
372 2721 534 2763 tamen
561 2716 755 2781 scriptis
783 2718 1081 2766 criminibus.
1135 2716 1279 2776 Quod
1308 2715 1611 2763 denuncians
1641 2721 1690 2760 et
1715 2730 1813 2760 non
1843 2730 1957 2761 con-

123 2800 326 2847 vincens
354 2798 580 2846 immunis
610 2799 779 2858 suerit,
819 2801 960 2849 docet
987 2800 1267 2864 Hyperides
1295 2800 1343 2845 in
1371 2799 1496 2845 libro
1526 2796 1584 2844 de
1615 2796 1960 2862 Lycophrone.

122 2881 495 2947 Theophrastus
522 2888 694 2929 contra
719 2882 881 2941 tradit,
910 2883 1112 2931 aliarum
1140 2883 1385 2930 actionum
1414 2886 1603 2927 actores
1632 2878 1759 2927 mille
1788 2879 1957 2927 drach-

122 2966 212 3014 mis
241 2972 288 3013 et
313 2963 518 3012 infamia
545 2963 790 3021 mulctari,
834 2965 872 3013 si
899 2982 999 3013 non
1027 2966 1199 3028 quinta
1225 2963 1572 3025 suffragiorum
1599 2969 1739 3026 parte
1766 2964 1958 3027 potian-

126 3055 229 3110 tur,
269 3047 614 3096 denuntiantes
643 3064 757 3097 vero
785 3066 884 3096 non
911 3049 1166 3107 infamiae,
1201 3046 1284 3097 sed
1310 3047 1440 3094 mille
1469 3045 1811 3096 drachmarum
1839 3047 1959 3094 mul-

123 3139 250 3180 ctam
276 3131 475 3197 pelsolv
481 3148 587 3191 ere,
626 3130 913 3197 videturque
951 3132 1044 3180 hoc
1084 3138 1282 3197 postea,
1323 3136 1525 3194 propter
1550 3129 1727 3178 frivole
1755 3129 1957 3194 quemli-

122 3215 205 3263 bet
232 3214 578 3263 denuntiantes
605 3213 890 3278 adjunctum
917 3216 1082 3264 fuisse.

264 3309 876 3375 Cf.Sy1·iam1m,S0patr.
907 3318 953 3359 et
980 3311 1247 3359 Marcellin.
1277 3309 1338 3359 ad
1366 3285 1673 3373 Hermogen.
1694 3316 1801 3356 stat.
1829 3308 1959 3369 2603
