2114 3642
194 224 297 272 480
700 235 1105 269 coMMEN'rARms
1136 235 1201 265 An
1228 232 1310 267 483.
1340 233 1407 265 485
1450 233 1532 268 487.

193 384 311 415 vero
352 365 526 414 dicitur
565 362 779 413 fanatico
819 361 983 409 furore
1024 367 1276 426 correptus
1317 368 1365 409 et
1412 361 1736 410 turbulentus
1789 362 2029 422 Quoniam

194 450 325 497 enim
351 448 505 496 hiems
532 448 614 495 illo
644 460 810 492 mense
837 443 1032 508 incipit,
1075 451 1155 491 a'er
1181 444 1409 493 turbatur
1437 452 1484 491 et
1510 451 1740 493 mutatur.

336 533 441 581 Hoc
468 547 632 578 mense
661 527 852 576 videtur
879 529 1027 576 etiam
1052 528 1353 576 celebratum
1379 527 1529 576 fuisse
1558 528 1736 576 festum
1763 528 2030 577 arvaleJo-

193 617 265 663 vis
292 631 378 680 per
404 615 643 676 Buzyges.
697 610 771 659 Cf.
799 611 839 658 B
858 630 884 658 o
902 618 995 659 ett
1015 610 1115 658 ich
1133 627 1219 658 er:
1250 609 1573 659 Athenischer
1600 611 1957 660 Festkalender
1982 611 2031 657 in

194 698 407 755 Bildern,
437 695 702 757 Gottingae
722 693 872 750 1865;
901 700 948 742 et
975 693 1136 742 Schol.
1164 694 1214 741 in
1241 693 1495 743 Demosth.
1514 693 1722 759 „Olynth
1742 693 1929 753 HL29,
1951 693 2031 740 23.

970 820 1068 873 Ad
1102 821 1253 874 483.

332 931 657 998 Harpocratio
698 949 733 980 s.
763 949 807 979 v.
839 923 1045 976 ‘Amm-
1085 929 1410 978 Philochorus
1451 931 1706 979 solennem
1742 930 1872 978 hunc
1901 929 2030 977 diem

188 1015 300 1064 inde
327 1022 558 1064 vocatum
584 1021 756 1062 auctor
788 1019 886 1073 est,
932 1011 1063 1077 quod
1102 1020 1215 1061 tunc
1254 1012 1475 1061 homines
1513 1014 1563 1061 in
1604 1014 1729 1062 areis
1768 1015 1902 1074 (περὶ
1943 1008 2030 1066 τὰς

190 1094 345 1157 ἅλως)
373 1097 557 1147 versari
585 1097 787 1145 soleant.

330 1181 404 1230 Cf.
433 1181 612 1230 Lexica
639 1179 841 1244 Seguer.
872 1197 917 1243 p.
949 1179 1064 1227 384.

972 1283 1070 1336 Ad
1096 1284 1251 1336 485.

332 1394 682 1462 Harpocratio:
727 1395 991 1441 Oeoimoz‘:
1032 1393 1362 1442 Bacchanalia
1401 1409 1524 1457 quae
1564 1393 1613 1440 in
1653 1391 1857 1457 singulis
1884 1391 2028 1457 pagis

189 1480 591 1538 celebrabantur,
637 1478 837 1524 θεοίνια
866 1478 1186 1537 dicebantur,
1213 1478 1263 1525 in
1298 1477 1473 1541 quibus
1500 1475 1707 1541 gentiles
1736 1476 1810 1536 (id
1838 1487 1938 1536 est,
1966 1476 2030 1523 ci-

190 1580 274 1612 ves
302 1562 363 1611 ad
390 1580 539 1611 unam
566 1562 872 1627 eandemque
901 1569 1098 1625 gentem
1126 1561 1460 1626 pertinentes)
1498 1560 1854 1608 sacrificabant.
1910 1560 2030 1607 Bac-

189 1646 334 1694 chum
363 1646 545 1711 quippe
577 1644 813 1690 θεοίνιοιν
841 1645 1097 1693 vocabant.

330 1728 579 1777 Plutarch.
609 1729 668 1776 de
697 1728 963 1794 cupiditate
992 1727 1196 1776 divitiar.
1226 1727 1278 1774 8:
1307 1724 1529 1792 Accepta
1555 1744 1583 1773 a
1609 1726 1874 1788 majoribus
1902 1726 2024 1773 Bac-

188 1811 468 1861 chanalium
508 1811 750 1860 festivitas
790 1811 1059 1875 antiquitus
1098 1810 1292 1875 plebeio
1332 1827 1465 1857 more
1501 1817 1549 1857 et
1582 1809 1725 1857 hilari
1766 1808 2029 1873 agebatur:

189 1896 427 1961 amphora
451 1895 551 1942 vini
581 1902 628 1942 et
655 1894 867 1959 palmitis
906 1902 1236 1951 sarmentum;
1275 1900 1374 1941 tum
1415 1893 1591 1957 aliquis
1630 1909 1831 1957 caprum
1870 1892 2028 1940 trahe-

188 1980 299 2040 bat,
343 1979 640 2043 sequebatur
668 1977 792 2025 alius
820 1977 1064 2026 calathum
1094 1978 1196 2025 ficis
1224 1977 1425 2042 plenum
1453 1985 1681 2040 gestans,
1723 1975 1893 2023 ultimo
1921 1976 2029 2022 loco

190 2064 410 2130 phallus:
450 2081 580 2113 nunc
607 2080 664 2112 ea
689 2062 1010 2127 negliguntur
1037 2071 1094 2111 ets
1114 2070 1430 2111 evanescunt.

969 2177 1068 2230 Ad
1096 2179 1250 2231 487.

332 2290 479 2353 Legis
507 2289 652 2355 hujus
680 2289 924 2352 originem
951 2289 1020 2336 sic
1048 2289 1250 2353 exponit
1277 2286 1512 2336 Aelianus
1540 2286 1647 2335 loco
1677 2286 1851 2333 citato:
1882 2301 2028 2348 quum

190 2373 549 2422 Themistocles
577 2372 784 2419 civicum
814 2370 1083 2419 exercitum
1111 2369 1348 2418 adversus
1376 2370 1550 2417 Persas
1579 2368 1832 2426 educeret,
1873 2365 2030 2430 gallos

189 2457 492 2520 gallinaceos
531 2454 787 2519 conspexit
826 2460 1134 2518 pugnantes,
1176 2452 1437 2517 statimque
1471 2459 1627 2500 totum
1655 2450 1922 2499 exercitum
1950 2448 2027 2496 ad-

191 2546 318 2588 stare
340 2540 489 2604 jussit
516 2546 563 2586 et
591 2538 738 2586 dixit:
778 2536 826 2584 hi
867 2553 1026 2601 neque
1067 2553 1156 2600 pro
1185 2535 1366 2599 patria⁷
1413 2552 1569 2599 neque
1599 2552 1687 2599 pro
1718 2533 1808 2581 diis
1836 2533 2028 2598 patriis,

191 2639 348 2687 neque
375 2639 463 2687 pro
488 2621 631 2669 avitis
657 2620 985 2668 monumentis
1011 2619 1141 2667 mala
1167 2619 1401 2678 subeunt,
1430 2635 1589 2682 neque
1618 2635 1707 2683 pro
1735 2617 1918 2681 gloria,
1947 2634 2029 2664 ne-

193 2723 285 2769 que
313 2723 402 2771 pro
429 2705 685 2765 libertate,
725 2720 884 2768 neque
921 2720 1011 2768 pro
1040 2701 1238 2762 liberis3
1275 2701 1361 2749 sed
1388 2700 1496 2749 ideo
1525 2710 1757 2764 uterque,
1799 2718 1859 2748 ne
1888 2717 2028 2764 supe-

193 2796 350 2848 retur,
379 2804 503 2835 neve
532 2787 654 2835 alter
681 2786 821 2835 alteri
847 2785 1004 2834 cedat.
1045 2784 1235 2846 Quibus
1265 2783 1403 2832 dictis
1434 2782 1811 2832 Atheniensium
1840 2784 2029 2832 animos

195 2871 515 2919 confirmavit,
552 2868 697 2930 Quod
725 2887 843 2933 ergo
871 2877 988 2917 tunc
1015 2869 1084 2916 eis
1111 2868 1485 2916 incitamentum
1510 2866 1572 2916 ad
1600 2867 1829 2916 virtutem
1857 2865 2029 2924 extitit,

196 2954 348 3001 voluit
373 2954 434 3003 ad
461 2954 650 3003 edenda
676 2955 851 3003 similia
877 2961 1247 3001 monumentum
1274 2970 1484 3001 servare.

337 3037 558 3085 Meminit
586 3037 728 3100 hujus
756 3037 879 3099 legis
906 3036 1153 3084 Lucianus
1181 3053 1375 3100 quoque
1404 3037 1452 3083 in
1469 3034 1742 3084 Anacharsi
1772 3036 1901 3098 (cap.
1920 3032 2027 3091 37),

194 3117 390 3165 minime
416 3119 672 3182 ridiculae3
712 3120 842 3167 subit
870 3120 1023 3175 enim,
1052 3119 1231 3182 inquit,
1268 3120 1447 3167 sensim
1476 3118 1646 3181 aliquis
1675 3119 1722 3164 in
1751 3117 1939 3163 animos
1968 3113 2028 3161 ad

195 3199 410 3265 pericula
436 3203 670 3266 impetus,
701 3221 761 3250 ne
790 3204 1072 3265 ignaviores
1099 3202 1362 3250 videantur
1394 3203 1527 3248 cives
1556 3209 1601 3248 et
1629 3200 1788 3247 minus
1817 3199 2027 3247 audaces

194 3283 338 3346 gallis
363 3281 668 3345 gallinaceis,
709 3303 801 3334 nec
839 3286 975 3350 prius
1015 3302 1159 3350 quam
1201 3284 1267 3333 illi
1308 3284 1537 3332 deficiant
1571 3283 1661 3347 ipsi
1691 3301 1718 3331 a
1744 3281 2028 3330 vulneribus

196 3372 281 3413 aut
306 3364 558 3413 laboribus
584 3374 665 3413 aut
695 3367 986 3417 difficultate
1014 3384 1306 3431 quacunque
1335 3367 1440 3415 alia.
