2161 3673
717 174 781 205 DE
807 149 1181 205 TRIERARCHIAJ
1761 156 1861 205 237

889 299 1002 347 936.

174 397 486 446 Trierarchia
524 404 597 445 est
635 395 887 461 publicum
925 414 1114 445 munus.
1177 396 1385 462 Oportet
1432 395 1562 443 enim
1614 395 1860 442 triremem

33 481 257 529 omnibus
296 481 441 529 rebus
481 479 542 528 ad
580 479 763 527 bellum
802 479 1087 528 necessariis
1126 480 1416 528 instructam
1453 496 1585 539 esse,
1629 494 1748 541 quas
1781 476 1862 527 ille

34 564 266 631 praebet,
307 564 388 627 qui
415 563 476 612 ad
501 579 677 611 munus
703 562 796 610 hoc
826 562 1042 611 delectus
1071 570 1155 612 est.

889 668 1003 717 937.

180 761 481 829 Τριήραρχοι
510 764 855 811 καθίστανται
881 760 1195 826 τετρακόσιοι
1223 761 1439 810 ἑκάστου
1466 762 1719 812 ἐνιαυτοῦ.

805 848 1126 912 (Xenophon.
1153 849 1300 914 Resp.
1332 847 1500 899 Athen.
1530 849 1617 909 ΠΙ,
1647 849 1721 910 4.)

888 956 1002 1004 937.

173 1051 494 1101 Trierarchae
524 1052 888 1102 constituuntur
916 1053 1177 1117 quotannis
1206 1052 1567 1117 quadringenti.

891 1160 1005 1208 938.

178 1255 239 1302 Oi
266 1254 529 1320 στρατηγοὶ
556 1250 863 1317 τριήραρχον
890 1252 1182 1302 καθιστᾶσι.

866 1338 1147 1397 (Demosth.
1176 1337 1283 1387 adv.
1313 1339 1484 1388 Boeot.
1513 1340 1548 1387 Ι.
1578 1337 1720 1397 997.)

891 1446 1007 1494 938.

175 1544 506 1609 Imperatores
534 1542 837 1590 constituunt
863 1541 1192 1590 trierarcham.

895 1648 1008 1696 939.

181 1738 313 1798 Τούς
339 1739 666 1806 τριηράρχους
692 1739 785 1789 τὸν
814 1739 1016 1805 μισθὸν
1044 1745 1131 1789 καὶ
1158 1740 1215 1790 τὸ
1245 1746 1518 1806 σιτηρέσιον
1544 1749 1650 1798 ταῖς
1678 1735 1863 1805 ὖπηρε«

36 1829 164 1883 σίαις
190 1830 278 1874 καὶ
306 1833 408 1883 τοῖς
435 1824 694 1890 ἐπιβάταις
721 1823 851 1889 παρά
882 1824 985 1874 τῶν
1013 1826 1301 1893 στρατηγῶν
1328 1824 1618 1890 λαμβάνειν.

807 1912 1086 1971 (Demosth.
1115 1913 1222 1961 adv.
1252 1911 1515 1977 Polyclem.
1549 1912 1723 1970 1209.)

890 2020 1004 2068 939.

176 2115 494 2163 Trierarchae
538 2115 815 2163 mercedem
855 2122 901 2163 et
940 2122 1266 2163 commeatum
1306 2132 1395 2180 pro
1422 2115 1651 2163 ministris
1680 2114 1863 2162 navali-

36 2200 126 2248 bus
154 2206 201 2247 et
229 2198 484 2247 classiariis
511 2198 746 2246 militibus
775 2199 836 2247 ab
864 2199 1242 2264 imperatoribus
1270 2199 1526 2264 accipiant.

184 2401 296 2448 Τῶν
317 2402 413 2464 μὲν
444 2400 645 2448 ναυτῶν
680 2399 957 2464 τριάκοντα
997 2398 1225 2463 δραχμάς
1265 2405 1474 2455 ἕκαστος
1515 2402 1644 2460 ἔχω,
1688 2399 1786 2445 τῶν
1816 2397 1862 2445 δὲ

38 2484 351 2550 τριηραρχίαν
376 2481 652 2548 τριάκοντα
672 2484 805 2548 μνᾶς
832 2487 900 2540 εἰς
927 2487 1174 2532 ἐπίπλουν
1200 2482 1448 2546 λαμβάνει
1479 2488 1700 2537 ἕκαστος.

647 2571 927 2629 (Demosth.
956 2570 1014 2618 de
1044 2570 1239 2619 Corona
1266 2569 1513 2617 trierarch.
1548 2568 1723 2626 1231.)

181 2777 451 2823 Nautarum
477 2774 678 2837 quisque
708 2775 917 2823 tricenas
953 2773 1209 2822 drachmas
1250 2772 1451 2836 accipit,
1493 2771 1866 2820 hierarcharum

41 2875 155 2907 vero
182 2858 352 2921 cuique
381 2856 593 2904 tricenae
621 2856 779 2905 minae
806 2875 895 2922 pro
925 2857 1235 2922 expeditione
1265 2856 1404 2903 navis
1432 2863 1756 2904 numerantur.

894 2964 1009 3011 941.

189 3044 319 3101 Τοὺς
347 3042 616 3106 διαδόχους
644 3041 841 3095 ἀπιέναι
869 3048 945 3092 ἐπὶ
985 3042 1071 3099 τάς
1113 3043 1234 3098 ναῦς
1253 3081 1262 3097 ,
1305 3039 1431 3089 ὅταν
1456 3044 1861 3092 κατασταθῶσιν,

812 3130 1088 3189 (Demosth.
1118 3128 1226 3175 adv.
1258 3128 1515 3192 Polyclem.
1550 3130 1724 3188 1226.)

185 3319 501 3372 Successores
528 3321 589 3371 ad
615 3337 767 3370 naves
794 3323 988 3381 abeant,
1018 3337 1164 3385 quum
1179 3319 1388 3386 primum
1411 3321 1592 3370 fuerint
1608 3319 1862 3384 designati.
