2114 3642
123 249 224 297 518
617 261 1023 295 COMMENTARIUS
1056 259 1121 290 AD
1152 258 1233 290 784.
1263 257 1342 290 788.
1375 258 1455 289 792.

265 392 340 441 Cf.
372 391 626 442 Galible
644 408 691 436 r:
732 390 806 436 De
834 386 1068 450 flagranti
1097 385 1302 448 delicto,
1332 386 1541 434 maxime
1569 385 1764 450 injuris
1791 384 1971 434 Graeci

123 476 431 541 Romanique
461 472 749 540 praeceptis.
792 470 1026 530 (Bonnae
1059 469 1235 528 1852.)

903 620 1003 674 Ad
1037 621 1189 675 784.

267 733 426 784 Schol.
467 734 516 780 in
559 732 876 798 Aristophan.
910 730 1257 797 Vesp.1108:
1297 724 1551 789 ’Ἔνδειξις
1592 727 1646 777 δέ
1682 733 1784 778 ἐστι
1824 727 1971 787 δίκη,

125 815 188 873 ὥς
215 833 367 877 φησιν
395 809 421 862 ὁ
458 812 793 878 Παλαμήδης,
835 809 968 860 κατὰ
1008 812 1111 860 τῶν
1148 810 1210 860 τά
1246 811 1457 877 δημόσια
1487 810 1810 863 πωλούντων.
1863 816 1971 875 (In-

127 902 332 962 dieatio,
373 908 426 948 ut
465 899 580 948 dicit
619 898 936 960 Palamedes,
978 906 1052 947 est
1092 899 1221 949 actio
1262 906 1437 948 contra
1475 899 1587 948 illos
1616 899 1698 963 qui
1724 899 1859 947 bona
1885 916 1972 964 pu-

125 985 252 1034 blica
279 983 541 1043 vendunt.)

268 1078 430 1127 Schol.
467 1079 517 1127 in
544 1075 863 1127 Demosthen.
894 1076 1187 1127 Androtion.
1217 1077 1334 1134 603,
1368 1076 1457 1125 17:
1500 1076 1706 1123 Γίνεται
1733 1072 1782 1122 δὲ
1811 1072 1976 1122 ἔνδει-

124 1169 196 1220 ξις
224 1163 314 1208 καὶ
341 1157 476 1208 κατά
508 1158 787 1224 προδοτῶν.
842 1161 950 1222 (Fit
991 1168 1156 1210 autem
1197 1161 1432 1211 indicatio
1475 1161 1620 1210 etiam
1660 1168 1831 1209 contra
1864 1177 1974 1226 pro-

125 1246 350 1305 ditores.)

270 1328 347 1377 Cf.
390 1329 836 1394 Harpocrationem
876 1347 911 1377 s.
953 1342 997 1377 v.
1039 1325 1258 1386 ἔνδειξις.
1321 1329 1504 1378 Lexica
1542 1328 1744 1392 Seguer.
1786 1345 1831 1392 p.
1877 1325 1975 1372 187

126 1423 174 1462 et
214 1413 330 1462 250.

911 1480 1010 1534 Ad
1040 1483 1189 1535 ⁷88.

268 1591 324 1640 Id
353 1599 428 1640 est
453 1598 589 1640 actor
617 1591 748 1640 mille
779 1589 1036 1640 drachmas
1063 1592 1226 1653 solvit,
1256 1593 1292 1640 si
1321 1591 1430 1652 ille,
1462 1608 1608 1656 quem
1637 1589 1863 1650 abducit,
1893 1589 1977 1637 ab·

127 1676 314 1724 solutus
343 1675 503 1724 fuerit.

912 1755 1012 1809 Ad
1046 1756 1196 1809 792.

271 1868 455 1916 Lexiea
481 1867 787 1931 Segueriana
814 1870 886 1933 (p.
912 1867 1042 1927 312)
1071 1866 1201 1915 hane
1227 1867 1472 1916 actionem
1502 1872 1681 1916 vocant
1711 1859 1978 1931 ὑφήγησιν.

273 1963 345 2012 Cf.
376 1962 535 2012 Schol.
564 1963 613 2011 in
640 1962 896 2012 Demosth.
927 1961 1137 2012 Androt.
1169 1963 1284 2022 593,
1313 1963 1407 2024 243
1443 1962 1651 2025 Gregor.
1679 1961 1899 2011 Corinth.
1928 1962 1978 2009 in

131 2049 430 2110 Hermogen.
462 2045 675 2095 method.
704 2046 952 2110 eloquent.
981 2063 1018 2094 0.
1049 2047 1112 2107 II,
1143 2046 1222 2094 20.

272 2144 316 2191 D
335 2142 594 2192 emosth.
623 2160 660 2190 0.
690 2141 1081 2191 Androtion.
1113 2142 1233 2190 601:
1263 2141 1416 2190 Solon
1446 2159 1545 2189 non
1573 2159 1672 2190 uno
1700 2141 1846 2190 modo
1877 2158 1979 2190 sce-

130 2228 286 2276 lerum
313 2243 499 2292 poenas
527 2226 612 2287 iis,
642 2226 723 2291 qui
750 2226 951 2285 volunt,
981 2233 1209 2290 expetere
1238 2225 1459 2290 permisit
1485 2242 1514 2273 a
1539 2225 1857 2285 facinorosis,
1893 2224 1979 2273 sed

131 2310 464 2358 multifariam.
518 2309 741 2374 Aequum
770 2316 935 2358 autem
964 2326 1070 2357 esse
1098 2309 1309 2368 censuit,
1352 2326 1412 2356 ne
1442 2308 1545 2367 cui,
1588 2325 1677 2372 pro
1705 2325 1791 2356 sua
1820 2309 1979 2372 cujus-

133 2410 226 2458 que
257 2393 517 2453 facultate,
548 2392 821 2456 exigendae
849 2409 1038 2457 poenae
1059 2393 1142 2457 jus
1170 2398 1447 2454 negaretur.
1484 2390 1540 2439 Id
1568 2398 1735 2439 autem
1763 2392 1866 2439 fieri
1894 2409 1979 2456 po-

133 2477 249 2535 tuit,
293 2477 330 2525 si
359 2475 535 2525 multas
563 2477 666 2524 vias
694 2493 784 2540 per
809 2476 945 2538 leges
972 2475 1186 2523 muniret
1212 2474 1273 2522 ad
1302 2474 1606 2522 facinorosos
1645 2473 1979 2533 invadendos,

137 2560 274 2608 velut
313 2561 360 2607 in
400 2560 556 2608 furto:
610 2560 778 2607 firmus
815 2575 867 2606 es
908 2566 955 2606 et
994 2566 1040 2606 te
1079 2557 1186 2621 ipso
1226 2556 1418 2605 fretus?
1470 2556 1632 2604 abduc
1660 2558 1707 2604 in
1734 2574 1983 2605 carcerem

138 2636 367 2708 (ἄπαγε),
410 2643 495 2692 sed
526 2643 656 2691 mille
685 2642 930 2690 drachmis
966 2640 1258 2706 periclitaris
1298 2640 1372 2699 (id
1402 2648 1475 2688 est
1503 2647 1575 2687 tot
1601 2639 1859 2688 drachmas
1887 2634 1979 2689 sol-

138 2744 247 2783 ves,
275 2728 311 2775 si
340 2727 387 2774 in
408 2725 595 2791 judicio
625 2743 719 2790 qua
746 2735 999 2774 accusator
1026 2724 1383 2783 succubueris).
1438 2723 1688 2772 Infirmior
1715 2741 1765 2772 es
1795 2726 1874 2783 (ut
1900 2740 1981 2770 ne-

141 2827 290 2872 queas
327 2812 487 2875 ipsum
527 2809 828 2869 abducere),
877 2808 1246 2870 magistratibus
1285 2816 1503 2856 monstra
1545 2808 1675 2855 viam
1716 2804 1982 2871 (ἐφηγοῦ),

139 2892 210 2939 illi
237 2892 328 2939 hoc
368 2894 562 2941 facient.
616 2892 671 2943 Id
711 2910 904 2957 quoque
946 2891 1217 2940 formidas?
1268 2891 1451 2956 scripto
1493 2908 1670 2939 accusa
1710 2886 1984 2954 (γράφου).

141 2974 255 3022 Tibi
283 2991 379 3022 non
410 2977 516 3025 fidis
545 2986 591 3026 et
618 2977 884 3043 pauperior
911 2993 962 3023 es
990 2993 1134 3040 quani
1173 2976 1252 3039 qui
1282 2975 1414 3022 mille
1443 2973 1700 3022 drachmas
1727 2974 1891 3022 solvas
1919 2975 1983 3033 (si

143 3058 363 3123 quintani
402 3061 746 3120 suffragiorum
786 3067 976 3124 partem
1015 3076 1116 3106 non
1155 3059 1386 3116 tuleris)?
1427 3058 1562 3105 litem
1590 3057 1702 3104 furti
1731 3074 1822 3119 age
1852 3057 1983 3121 apud

144 3140 404 3199 arbitrum,
445 3150 492 3188 et
531 3151 669 3191 extra
708 3143 982 3208 perieulum
1023 3142 1116 3191 eris
1148 3141 1222 3201 (id
1252 3150 1350 3201 est,
1392 3141 1513 3189 nihil
1540 3140 1729 3199 solves,
1772 3141 1919 3188 etiam
1946 3136 2013 3188 si‘

143 3223 503 3281 succubueris.)

288 3317 495 3367 Actione
534 3319 869 3379 iudicationis,
919 3319 1253 3385 perduct-ionis
1295 3327 1340 3368 01
1381 3318 1690 3368 abductionis
1731 3325 1984 3366 accusatus

147 3402 309 3451 statim
336 3400 584 3451 custodiae
613 3403 898 3465 mandatur,
942 3411 989 3452 et
1029 3403 1225 3467 quidem
1259 3404 1308 3451 in
1336 3402 1494 3467 prima
1521 3409 1567 3449 et
1595 3400 1811 3449 secunda
1838 3413 1985 3449 causa
