2114 3642
859 236 1107 269 ommni.
1792 207 1893 255 319

901 364 1048 411 1255.

206 453 392 504 Οὐκέτι
420 453 600 520 ἀρεστά
618 492 632 515 ,
672 453 989 514 πεντάθλους
1016 460 1312 521 ἐσέρχεσθαι
1339 453 1531 510 παῖδας.

1242 542 1481 602 (Pausan.
1510 539 1569 601 V,
1598 540 1644 601 9,
1677 539 1751 600 1.)

899 614 1047 665 1255.
1704 667 1708 670 .

203 708 314 756 Non
343 708 553 777 amplius
579 709 769 779 placet,
809 715 863 763 ut
899 709 948 756 in
981 709 1281 780 quinquertii
1307 714 1556 760 certamen
1591 703 1892 758 descendant

59 808 212 857 puer1.

912 867 1060 916 1256.

202 958 350 1018 Μήτε
377 959 568 1021 κάλπης
594 960 686 1011 τοῦ
715 960 897 1010 λοιποῦ
921 960 1045 1025 μήτε
1072 959 1262 1020 ἀπήνης
1290 961 1494 1009 ἔσεσθαι
1523 957 1727 1022 δρόμον.

1251 1045 1486 1106 (Pausan.
1515 1044 1575 1106 V,
1605 1046 1652 1104 9,
1682 1043 1753 1105 1.)

901 1119 1050 1170 1256.

205 1216 280 1264 Ne
306 1216 356 1264 in
383 1223 635 1282 posterum
661 1216 740 1266 vel
767 1217 932 1284 calpes
959 1216 1038 1266 vel
1066 1230 1249 1282 apenes
1284 1230 1428 1267 cursu
1455 1210 1788 1265 contendatur.

899 1322 1049 1371 1257.

197 1413 290 1464 Ἐν
316 1414 388 1480 τῷ
411 1417 754 1480 βουλευτηρίῳ
782 1418 884 1464 ἐστι’
912 1413 1039 1471 Ζεύς
1067 1412 1294 1480 (Ὀρκιος.
1337 1413 1491 1480 Παρὰ
1532 1414 1699 1479 τούτῳ
1733 1417 1896 1461 καθέ-

63 1515 208 1556 στηκε
235 1505 338 1555 τοῖς
365 1496 608 1558 ἀθληταῖς
635 1503 725 1548 καὶ
752 1498 998 1565 πατράσιν
1021 1497 1193 1548 αὐτῶν
1219 1503 1309 1548 καὶ
1338 1497 1594 1561 ἀδελφοῖς,
1624 1499 1693 1546 ἔτι
1723 1494 1771 1544 δὲ
1800 1515 1895 1563 γυ-

56 1588 328 1646 μνασταῖς,
369 1586 446 1631 ἐπὶ
474 1581 676 1647 κάπρου
702 1581 1063 1647 κατόμνυσθαι
1091 1586 1283 1647 τομίων
1318 1582 1478 1647 μηδὲν
1504 1586 1550 1638 ἐς
1576 1579 1669 1629 τὸν
1701 1578 1896 1642 Ὀλυμ-

63 1667 191 1714 πίων
229 1663 404 1733 ἀγῶνα
450 1668 653 1715 ἔσεσθαι
682 1674 795 1733 παρ’
833 1666 1006 1717 αὐτῶν
1031 1666 1385 1734 κακούργημα,
1441 1668 1500 1714 Οἱ
1542 1665 1590 1713 δὲ
1634 1660 1809 1727 ἄνδρες
1849 1664 1896 1710 οἱ

62 1746 279 1807 ἀθληταὶ
307 1753 397 1797 καὶ
423 1749 538 1798 τόδε
565 1752 635 1798 ἔτι
663 1751 1171 1814 προσκατόμνυνται,
1214 1750 1336 1798 δέκα
1364 1749 1538 1811 ἑφεξῆς
1561 1747 1740 1813 μηνῶν
1767 1744 1896 1806 ἀπη-

62 1832 354 1898 κριβῶσθαί
382 1851 522 1896 σφισι
548 1833 609 1884 τά
639 1834 802 1885 πάντα
829 1840 875 1893 ἐς
903 1831 1134 1894 ἄσκησιν.

1214 1908 1452 1968 (Pausan.
1480 1906 1539 1968 V,
1569 1907 1650 1968 24,
1680 1908 1753 1965 9.)

912 1980 1061 2029 1257.

203 2076 261 2124 In
301 2076 434 2125 curia
473 2083 547 2124 est
584 2077 726 2125 Jovis
765 2077 988 2140 signum,
1037 2075 1373 2141 Jurisjurandi
1417 2073 1651 2123 Vindicis.
1718 2072 1897 2121 Coram

62 2159 154 2207 hoc
181 2159 382 2208 solenne
412 2167 484 2208 est
510 2160 706 2208 athletis
734 2159 982 2220 omnibUS,
1011 2175 1276 2223 eorumque
1302 2157 1616 2223 parentibus,
1646 2156 1895 2215 fratribus,

60 2242 306 2307 gymnasii
333 2243 606 2306 magistris,
648 2261 796 2309 super
839 2242 1020 2291 exsecti
1060 2242 1158 2290 suis
1197 2241 1405 2290 testibus
1444 2241 1608 2288 verbis
1645 2239 1896 2303 conceptis

63 2325 312 2390 dejerare,
353 2325 476 2374 nihil
514 2344 565 2374 se
609 2326 795 2375 fraudis
833 2325 1074 2386 factui¹OS,
1115 2324 1376 2390 quominus
1405 2323 1650 2388 Olympici
1676 2321 1778 2369 ludi
1804 2322 1895 2369 rite

62 2409 196 2457 fiant.
248 2407 474 2459 Athletae
512 2417 677 2458 autem
715 2410 808 2458 hoc
846 2409 1056 2475 amplius
1087 2408 1284 2474 jurant,
1325 2425 1376 2456 se
1417 2407 1589 2455 decem
1631 2411 1897 2471 perpetuos

62 2508 254 2540 menses
292 2499 518 2541 accurate
556 2493 846 2554 meditatos,
888 2509 1012 2558 quae
1053 2491 1116 2541 ad
1143 2490 1543 2541 exercitationem
1569 2490 1898 2556 requiruntur.

909 2600 1056 2649 1258.

194 2687 562 2741 ιΕλλανοδίκαι
601 2696 731 2742 εἰσὶν
769 2689 1010 2758 ἄρχοντές
1048 2713 1176 2750 τινες
1208 2690 1432 2741 Ἠλείων
1471 2693 1518 2740 οἱ
1561 2690 1810 2746 διέποντες
1836 2686 1896 2737 τοὶ

61 2774 193 2824 κατὰ
219 2774 312 2825 τὸν
338 2773 512 2843 ἀγῶνα
537 2775 641 2824 τῶν
671 2774 985 2841 Ὀλυμπίων.
1038 2776 1317 2837 Δικάζουσι
1346 2775 1395 2824 δὲ
1421 2782 1525 2831 τοῖς
1564 2795 1614 2823 τε
1652 2772 1896 2832 ἀθληταῖς

62 2863 152 2907 καὶ
189 2867 293 2915 τοῖς
332 2855 502 2915 ἄλλοις
542 2856 871 2926 ἀγωνισταῖς,
911 2864 1001 2909 καὶ
1043 2860 1397 2926 προκάθηνται
1438 2863 1494 2907 ἐν
1531 2857 1602 2923 τῷ
1642 2855 1801 2925 ἆγῶνι
1841 2861 1896 2907 ἐν

64 2945 384 3008 πορφυρίσιν.
902 2947 1129 3007 (Bekker
1157 2944 1341 2997 Anecd.
1369 2962 1442 3008 gr.
1471 2945 1507 2994 I.
1535 2962 1581 3009 p.
1610 2943 1754 3003 248.)

909 3054 1056 3103 1258.

203 3136 557 3186 Hellanodicae
586 3144 700 3185 sunt
727 3137 958 3187 Eleorum
983 3136 1325 3200 magistratus,
1366 3135 1446 3199 qui
1471 3136 1637 3185 omnia
1663 3135 1893 3198 dirigunt,

64 3236 188 3282 quae
215 3219 276 3267 ad
302 3221 570 3269 certamina
597 3220 859 3286 Olympica
887 3227 1127 3287 spectant.
1180 3220 1274 3267 Jus
1315 3218 1480 3267 dicunt
1512 3226 1674 3268 autem
1701 3218 1895 3266 athletis

64 3309 112 3350 et
137 3302 336 3365 reliquis
375 3303 425 3351 in
464 3311 712 3352 certamen
740 3303 1180 3364 descendentibus3
1218 3301 1599 3371 praesidentque
1641 3301 1895 3352 certamini

63 3391 200 3434 veste
226 3402 474 3454 purpurea
503 3387 672 3437 induti.
