2114 3642
583 255 991 290 coMMENTAmus
1019 255 1086 287 AD
1117 250 1220 287 1487.
1249 252 1352 289 1490.
1381 252 1486 289 1492.
1516 253 1620 289 1494.
1920 243 2023 292 62⁷

952 380 1270 469 Ara-348⁷.

328 489 510 554 Legem
539 491 664 540 hanc
692 491 942 540 construxi
971 509 995 540 e
1021 476 1276 540 Demosth.
1305 490 1414 540 adv.
1445 488 1650 557 Apatur.
1679 491 1808 540 897:
1845 488 1903 538 τὸ
1926 491 2025 554 μὲν

185 570 385 635 πρῶτον
424 573 659 619 ἐτίθεντο
700 569 788 627 τάς
826 571 1090 632 συνθήκας
1129 570 1259 637 παρά
1289 572 1359 637 τῷ
1392 574 1671 639 Φωκρίτῳ,
1712 569 1817 621 εἶτα
1844 572 2025 622 κελεύ-

187 672 369 711 σαντος
394 654 488 703 τοῦ
523 657 796 719 Φωκρίτου
837 660 951 720 παρ’
979 651 1118 719 ἄλλῳ
1144 674 1244 704 τινι
1275 658 1492 718 θέσθαι,
1532 657 1768 706 τίθενται
1794 651 1926 720 παρά
1953 655 2026 722 τῷ

178 735 514 803 Ἀριστοκλεῖ.
569 740 675 799 (Ac
716 741 996 806 pactionem
1036 740 1248 806 primum
1286 740 1418 807 apud
1458 740 1771 804 Phocritum‚
1823 740 2026 803 deinde,

186 841 336 889 quum
362 823 619 872 Phocritus
647 841 754 872 eam
784 824 863 872 alii
892 823 1086 872 cuidam
1125 823 1250 873 tradi
1282 823 1535 889 jussisset,
1575 825 1708 891 apud
1736 824 2028 876 Aristoclem

184 907 481 972 deponunt.)

324 992 450 1040 Item
489 989 599 1039 adv.
640 989 982 1055 Olympiodor.
1025 989 1188 1037 1170:
1228 984 1487 1054 μάρτυρας
1524 988 1871 1055 ἐποιησάμεθα
1897 1030 1907 1043 .
1936 1030 1946 1043 .
1974 1031 1984 1044 .
2015 1032 2023 1040 .

181 1070 302 1127 τοῦς
354 1074 582 1128 οἰκείους
647 1069 770 1126 τους
834 1066 1098 1137 ἡμετέρους
1148 1067 1350 1129 αὐτῶν,
1417 1073 1566 1122 ἔπειτ’
1623 1070 2026 1140 Ἀνδροκλείδην

174 1151 432 1220 Ἀχαρνέα
449 1193 461 1213 ,
504 1159 616 1220 παρ’
658 1147 697 1219 ᾧ
738 1158 1066 1218 κατεθέμεθα
1092 1151 1182 1210 τάς
1209 1153 1490 1214 συνθήκας.
1530 1159 1620 1219 (Et
1646 1166 1796 1209 testes
1822 1160 2026 1211 fecimus

183 1279 191 1288 .
222 1279 231 1289 .
260 1278 268 1288 .
299 1280 309 1289 .
338 1249 579 1305 cognatos
619 1247 813 1289 nostros
853 1241 1100 1306 ipsorum,
1140 1239 1314 1292 deinde
1356 1240 1709 1294 Androclidem
1744 1242 2025 1296 Acharneu-

180 1341 310 1383 sem,
353 1324 484 1391 apud
513 1342 660 1390 quem
688 1330 835 1390 pacta
862 1323 1222 1391 deposuimus.)

953 1463 1053 1517 Ad.
1077 1465 1268 1518 1490.

322 1576 577 1626 Demosth.
618 1593 657 1624 c.
695 1575 935 1641 Spudiam
978 1576 1140 1625 1034:
1181 1571 1463 1641 ἀμφότεροι
1502 1573 1742 1644 παρόντες
1775 1573 2025 1637 ἀνοίξαν-

178 1679 254 1714 τες
293 1658 380 1721 (τά
422 1656 721 1726 γράμματα)
763 1655 1058 1726 ἀντίγραφά
1096 1663 1139 1706 τ’
1167 1657 1449 1723 ἐλάβομεν,
1491 1657 1715 1709 κάκεῖνα
1742 1658 1896 1710 πάλιν
1921 1681 2021 1710 κα-

178 1741 586 1807 τασημηνάμενοι
614 1747 728 1806 παρ’
755 1739 1095 1810 Ἀριστογένει
1123 1748 1470 1809 κατεθέμεθα.
1510 1746 1760 1812 (Uterque
1789 1764 2024 1815 praesens

178 1828 374 1878 tabulas
402 1828 685 1894 aperuimus
713 1835 760 1877 et
787 1828 1086 1894 exemplaria
1119 1830 1428 1896 accepimus,
1468 1838 1517 1879 et
1545 1848 1708 1880 rursus
1736 1831 2024 1896 obsignatas

179 1911 310 1977 apud
340 1911 688 1976 Aristogencm
714 1911 1070 1978 deposuimus.)

939 2052 1039 2106 Ad
1077 2052 1266 2106 1492.

324 2162 508 2226 Legem
552 2162 680 2212 hanc
719 2162 851 2229 apud
893 2161 1222 2213 Athenienses
1261 2161 1481 2226 viguisse
1519 2169 1711 2212 constat
1738 2179 1762 2212 e
1791 2161 2021 2226 Polluce,

179 2246 262 2317 qui
291 2246 404 2308 (VI,
436 2246 536 2294 153
565 2254 612 2295 et
639 2245 776 2307 VIII,
806 2245 900 2305 31)
940 2246 1070 2295 inter
1107 2247 1326 2295 actiones
1353 2245 1449 2295 litis
1476 2243 1757 2305 συνθηκῶν
1784 2247 1862 2297 vel
1890 2261 2019 2311 συμ-

179 2329 411 2392 βολαίων
438 2325 744 2394 παραβάσεις
770 2329 944 2381 adfert.

947 2457 1047 2510 Ad
1072 2458 1260 2511 1404.

323 2567 441 2618 Veri
483 2568 636 2618 simile
678 2575 751 2618 est
788 2567 919 2635 apud
960 2567 1289 2619 Athenienses
1326 2574 1634 2618 contractum
1672 2584 1895 2633 quoque,
1936 2570 2020 2636 qui

182 2651 328 2701 hodie
368 2652 685 2701 cambium
736 2651 1130 2701 mercantile
1170 2652 1272 2701 vel
1310 2651 1753 2717 trajectitium
1790 2658 2019 2715 vocatur,

179 2736 258 2784 vel
284 2736 483 2784 nomine
509 2735 858 2784 literarum
897 2733 1324 2784 cambialium
1351 2734 1666 2799 designatur,
1705 2734 1756 2783 in
1783 2751 1874 2784 usu
1901 2735 2018 2785 fuis-

179 2837 245 2869 se.
285 2821 412 2869 Nam
450 2820 502 2867 in
540 2818 767 2868 Isocratis
796 2818 1107 2884 Trapezitico
1139 2819 1339 2885 juvenis
1378 2817 1576 2885 quidam
1617 2835 1642 2868 e
1670 2818 1831 2869 Ponto
1858 2818 2019 2869 oriun-

180 2902 270 2952 dus
297 2903 418 2952 haec
445 2902 597 2952 verba
623 2902 742 2952 facit
767 2902 828 2952 ad
851 2902 1040 2965 judices
1067 2901 1418 2953 Athenienses:
1448 2903 1589 2966 „Ego
1606 2940 1616 2965 ,
1636 2902 1856 2968 judiceS,
1885 2902 2017 2953 Stra-

178 2987 358 3036 toclem
382 2987 433 3035 in
461 2985 674 3034 Pontum
701 2986 1074 3050 navigaturum,
1115 3002 1266 3050 quum
1291 2985 1406 3035 inde
1434 3002 1581 3051 quam
1606 2985 1843 3051 plurimas
1868 3003 2017 3053 pecu-

179 3071 286 3120 nias
314 3076 575 3136 exportare
604 3068 812 3131 vellem,
853 3076 1082 3135 precatus
1114 3086 1250 3131 sum,
1290 3076 1356 3118 ut
1393 3086 1573 3119 suum
1608 3087 1830 3120 aurum
1866 3068 2020 3119 mihi

180 3154 629 3218 relinqueret,
679 3153 872 3218 idque
922 3154 984 3202 in
1036 3153 1247 3201 Ponto
1285 3170 1315 3202 a
1352 3159 1539 3218 patre
1589 3170 1724 3204 meo
1773 3155 2016 3218 recipe-

182 3243 305 3298 ret,
345 3236 513 3302 magni
550 3235 671 3285 lucri
710 3235 760 3285 id
802 3253 905 3286 esse
944 3243 1151 3303 putans,
1193 3236 1232 3285 si
1260 3236 1471 3302 pecunia
1495 3237 1546 3285 in
1571 3237 1890 3302 navigatione
1917 3253 2017 3286 non

183 3317 570 3384 periclitaretur,
610 3320 899 3386 praesertim
938 3337 1090 3385 quum
1128 3336 1186 3368 eo
1226 3326 1448 3387 tempore
1482 3320 1832 3370 Lacedemonii
1869 3321 2017 3371 maris

181 3402 439 3468 imperium
476 3410 701 3454 tenerent
705 3441 904 3454 .....
944 3402 1287 3454 Stratocle
1323 3404 1813 3468 interrogante,
1853 3404 2017 3471 quis-

1648 3484 1736 3529 40*
