2114 3642
648 154 1056 188 COMMENTARIUS
1084 153 1151 185 AD
1182 152 1283 187 1503.
1316 150 1417 187 1504.
1447 150 1548 187 1505.
1917 143 2013 190 631

183 291 285 323 non
311 276 456 325 videt.
508 279 723 329 Nolebat
749 279 900 329 Solon
927 280 1147 330 fraudem
1173 280 1402 345 cuiquam
1436 281 1541 329 fieri
1568 282 1630 329 ab
1659 283 1891 334 anulario.
1944 287 2019 335 Ita

180 357 311 421 apud
351 375 441 406 nos
479 359 589 424 lege
631 368 830 411 cavetur
867 380 928 411 ne
967 359 1313 419 κλειδοποιοί,
1355 370 1408 412 ut
1445 363 1703 429 loquamur
1741 386 1835 433 quo
1872 370 2015 420 modo

180 455 464 505 possumus,
504 444 713 494 clavium
741 446 829 494 abs
856 463 907 494 se
935 464 1024 512 pro
1051 446 1158 495 aliis
1186 447 1538 496 fabricatarum
1565 465 1717 513 penes
1743 469 1794 502 se
1822 452 2016 499 ἔκτυπα

179 522 468 574 ret-ineant.“
509 527 794 593 Menagii
835 529 1042 579 Observ.
1070 529 1119 577 in
1147 529 1358 594 Diogen.
1387 530 1548 580 Laert.
1576 532 1613 593 I,
1644 531 1724 581 57.

946 668 1045 723 Ad
1071 669 1260 722 1503.

318 777 473 828 Solon
502 795 582 829 aes
609 779 826 830 alienum
856 797 1001 830 omne
1029 779 1216 829 remisit
1243 780 1574 843 debitoribus,
1610 782 1817 848 huicque
1843 786 2010 834 remis-

174 863 299 912 sioni
338 859 670 924 σεισάχθειαν
707 864 755 913 id
802 873 876 914 est
925 882 953 912 o
969 883 1001 913 n
1017 881 1041 913 e
1062 882 1130 912 ru
1145 881 1194 912 m
1244 883 1266 914 s
1283 882 1313 913 u
1327 865 1359 913 b
1375 865 1390 913 l
1406 882 1431 914 e
1448 884 1479 913 v
1493 866 1628 916 atio
1644 883 1675 914 n
1692 884 1716 916 e
1731 883 1781 916 m
1833 884 2013 917 nomen

172 947 430 1012 imposuit,
470 963 769 1012 quamquam
795 948 1019 996 nonnulli
1047 946 1263 995 foenoris
1290 945 1663 998 diminutionem
1681 988 1692 1010 ,
1732 968 2012 1000 mensurae-

173 1047 268 1095 que
294 1037 342 1079 et
366 1031 506 1096 pretii
535 1031 840 1080 nomismatis
866 1032 1184 1080 mutationem
1221 1026 1555 1091 σεισάχθειαν
1581 1034 1881 1099 appellatam
1908 1051 2012 1085 esse

174 1114 325 1179 ajunt.
377 1114 563 1163 Minam
591 1115 747 1176 enim,
789 1133 901 1164 cum
934 1121 1046 1164 ante
1085 1121 1216 1163 esset
1242 1115 1558 1181 septuaginta
1584 1117 1729 1165 trium
1756 1117 2009 1168 drachma-

174 1215 306 1259 rum,
345 1197 406 1246 ad
434 1200 772 1248 centenarium
800 1215 965 1247 earum
992 1214 1254 1247 numerum
1280 1199 1525 1260 extendit,
1566 1206 1618 1248 ut
1643 1218 1753 1250 cum
1779 1219 2011 1252 numerus

168 1279 324 1342 idem,
353 1281 562 1345 pretium
588 1289 755 1331 tamen
782 1282 942 1331 minus
970 1283 1357 1347 persolveretur,
1386 1290 1434 1331 et
1459 1283 1509 1331 hi
1536 1301 1767 1347 magnum
1794 1302 2008 1334 commo-

169 1361 282 1411 dum
321 1364 581 1426 sentirent,
629 1365 712 1430 qui
752 1365 1038 1424 solvebant,
1093 1372 1141 1413 et
1180 1365 1260 1429 qui
1300 1366 1640 1431 accipiebant,
1681 1367 1801 1417 nihil
1843 1368 2006 1417 damni

167 1446 280 1495 inde
306 1447 559 1497 haberent.
600 1446 697 1507 (Pl
714 1464 744 1495 u
760 1455 778 1495 t
795 1465 861 1496 ar
877 1465 902 1496 c
917 1447 962 1496 h.
991 1446 1025 1496 S
1042 1447 1142 1496 olo
1158 1464 1204 1497 n.
1237 1448 1344 1508 15.)

306 1543 518 1607 Diogen.
559 1543 722 1591 Laert.
763 1543 800 1604 Ι,
842 1543 936 1591 45;
982 1541 1136 1591 Solon
1175 1543 1360 1608 primus
1399 1544 1588 1593 invexit
1624 1544 2006 1596 Atheniensibus

166 1620 498 1684 σεισάχθειαν
536 1626 609 1687 (id
637 1633 711 1676 est
736 1626 1078 1675 excussionem
1105 1627 1320 1687 oneris):
1359 1628 1428 1677 sic
1466 1635 1632 1677 autem
1666 1629 2006 1695 appellabatur

164 1726 424 1775 corporum
450 1710 913 1774 possessionumque
941 1709 1226 1775 redemptio.
1263 1710 1467 1759 Plurimi
1494 1711 1624 1761 enim
1648 1728 1737 1777 per
1764 1729 2004 1763 summam

163 1792 378 1857 inopiam
404 1792 798 1842 foenerabantur.

234 1864 246 1882 J

306 1886 411 1936 Sui
429 1887 565 1937 das:
617 1882 914 1946 σεισάχθεια
963 1887 1184 1937 remissio
1237 1887 1516 1938 debitorum
1552 1896 1653 1939 tam
1691 1891 2001 1957 publicorum

163 1987 309 2035 quam
348 1969 675 2035 privatorum,
713 1987 860 2035 quam
894 1971 1164 2020 introduxit
1201 1970 1367 2020 Solon.
1418 1972 1564 2022 Dicta
1602 1975 1734 2039 quod
1761 1992 1870 2024 cum
1897 1994 2000 2026 mos

162 2061 290 2103 esset
315 2052 541 2115 Athenis,
571 2061 624 2102 ut
649 2070 894 2119 pauperes
921 2054 1169 2104 debitores
1196 2055 1518 2105 creditoribus
1545 2058 1644 2105 suis
1671 2075 1875 2124 corpore
1903 2077 1998 2109 ser-

161 2137 344 2198 virent,
369 2143 498 2203 ·post
535 2136 797 2202 pecuniam
836 2137 1074 2187 redditam
1104 2155 1227 2187 onus
1255 2131 1478 2200 (ἄχθος)
1507 2139 1802 2191 videbantur
1829 2160 1997 2194 excus-

160 2221 278 2270 sisse
307 2215 752 2282 (ἀποσείσασθαι).

300 2412 476 2478 Lysias
501 2412 680 2462 ibidem
708 2413 947 2479 explicat:
993 2408 1063 2458 Τὸ
1100 2409 1349 2474 στάσιμον
1380 2410 1534 2460 τοῦτό
1562 2418 1724 2472 ε’στιν,
1767 2413 1828 2463 οὐ
1859 2417 1995 2484 ζυγῷ

160 2492 383 2552 ἱστάναι,
423 2491 550 2542 ἀλλὰ
579 2492 740 2543 τόκον
775 2492 1115 2558 πράττεσθαι,
1157 2489 1351 2544 ὁπόσον
1379 2492 1446 2544 ἂν
1468 2494 1727 2561 βούληται.
1803 2495 1995 2549 Στάσι-

156 2597 260 2641 Ιιιον
298 2596 398 2628 non
437 2579 685 2642 significat
717 2580 780 2629 ad
820 2580 996 2629 libram
1033 2579 1347 2645 appendere,
1396 2581 1482 2631 sed
1518 2582 1718 2634 foenore
1758 2585 1994 2637 collocare

159 2680 249 2729 pro
275 2662 521 2721 arbitrio.)

921 2729 1020 2784 Ad
1048 2731 1237 2785 1505.

294 2839 397 2889 Lex
423 2846 554 2889 certe
581 2848 693 2905 post
718 2840 1066 2895 Demosthenis
1093 2848 1305 2892 aetatem
1331 2842 1441 2893 lata.

295 2935 522 2985 Ceterum
548 2937 607 2986 de
636 2937 778 2987 modo
812 2939 1161 2989 solvendarum
1198 2958 1456 2992 usurarum
1495 2944 1605 2995 vide
1645 2946 1684 2994 B
1701 2965 1728 2994 ο
1745 2945 1987 2996 θοΙςὴζὶε

116 3019 120 3023 ’
153 3019 548 3071 Staatshaushalt
573 3019 618 3068 d.
648 3018 877 3071 Athener.
907 3022 964 3070 T.
992 3023 1028 3071 Ι.
1059 3041 1106 3088 p.
1138 3022 1237 3070 173
1264 3041 1397 3090 seqq.

295 3113 368 3164 Of.
397 3103 551 3163 etiam¹
582 3114 845 3166 Claudii
885 3116 1192 3168 Salmasii
1232 3119 1472 3171 dissertat.
1513 3122 1572 3172 de
1613 3125 1769 3174 usuris
1796 3124 1985 3189 (Lugd.

158 3198 262 3246 Bat.
292 3197 486 3257 1638).
524 3198 600 3247 De
628 3199 773 3248 modo
802 3217 1070 3251 usurarum.
1100 3202 1308 3263 (1639.)

297 3291 445 3358 Apud
467 3293 711 3344 Romanos
736 3294 814 3344 lex
841 3296 1026 3346 Marcia
1051 3297 1288 3348 adversus
1313 3298 1612 3351 feneratores
1639 3302 1902 3368 praecepit,
1933 3310 1985 3352 ut
