<?xml version="1.0" encoding="UTF-8"?>
<!DOCTYPE html PUBLIC "-//W3C//DTD XHTML 1.0 Transitional//EN"
    "http://www.w3.org/TR/xhtml1/DTD/xhtml1-transitional.dtd">
<html xmlns="http://www.w3.org/1999/xhtml" xml:lang="en" lang="en">
 <head>
  <title>
</title>
<meta http-equiv="Content-Type" content="text/html;charset=utf-8" />
  <meta name='ocr-system' content='tesseract 3.04.00' />
  <meta name='ocr-capabilities' content='ocr_page ocr_carea ocr_par ocr_line ocrx_word'/>
</head>
<body>
  <div class='ocr_page' id='page_1' title='image "./synaggtnattiknno00tluoft_0634.png"; bbox 0 0 2114 3642; ppageno 0'>
   <div class='ocr_carea' id='block_1_1' title="bbox 182 202 1425 250">
    <p class='ocr_par' dir='ltr' id='par_1_1' title="bbox 182 202 1425 250">
     <span class='ocr_line' id='line_1_1' title="bbox 182 202 1425 250; baseline -0.006 0"><span class='ocrx_word' id='word_1_1' title='bbox 182 202 286 250; x_wconf 82' lang='lat'><strong>608</strong></span> <span class='ocrx_word' id='word_1_2' title='bbox 785 209 1193 246; x_wconf 76' lang='lat' dir='ltr'><strong>COMMENTARIUS</strong></span> <span class='ocrx_word' id='word_1_3' title='bbox 1220 209 1290 241; x_wconf 85' lang='lat' dir='ltr'><strong>An</strong></span> <span class='ocrx_word' id='word_1_4' title='bbox 1322 206 1425 242; x_wconf 80' lang='lat'><strong>1387.</strong></span> 
     </span>
    </p>
   </div>
   <div class='ocr_carea' id='block_1_2' title="bbox 181 333 2019 494">
    <p class='ocr_par' dir='ltr' id='par_1_2' title="bbox 181 333 2019 494">
     <span class='ocr_line' id='line_1_2' title="bbox 325 333 2019 407; baseline -0.008 -13"><span class='ocrx_word' id='word_1_5' title='bbox 325 345 561 394; x_wconf 83' lang='lat' dir='ltr'><strong>Jasenses</strong></span> <span class='ocrx_word' id='word_1_6' title='bbox 600 340 830 407; x_wconf 85' lang='lat' dir='ltr'>orphanis</span> <span class='ocrx_word' id='word_1_7' title='bbox 870 335 1222 403; x_wconf 77' lang='lat' dir='ltr'><strong>patrimonium</strong></span> <span class='ocrx_word' id='word_1_8' title='bbox 1249 335 1299 382; x_wconf 92' lang='lat' dir='ltr'><strong>in</strong></span> <span class='ocrx_word' id='word_1_9' title='bbox 1326 335 1550 384; x_wconf 88' lang='lat' dir='ltr'><strong>manibus</strong></span> <span class='ocrx_word' id='word_1_10' title='bbox 1577 334 1839 383; x_wconf 80' lang='lat' dir='ltr'><strong>tradebant</strong></span> <span class='ocrx_word' id='word_1_11' title='bbox 1877 333 2019 381; x_wconf 91' lang='lat' dir='ltr'><strong>simul</strong></span> 
     </span>
     <span class='ocr_line' id='line_1_3' title="bbox 181 415 2019 494; baseline -0.008 -15"><span class='ocrx_word' id='word_1_12' title='bbox 181 435 325 494; x_wconf 84' lang='lat' dir='ltr'><strong>atque</strong></span> <span class='ocrx_word' id='word_1_13' title='bbox 366 429 658 492; x_wconf 87' lang='lat' dir='ltr'><strong>vigesimum</strong></span> <span class='ocrx_word' id='word_1_14' title='bbox 701 422 873 471; x_wconf 86' lang='lat' dir='ltr'><strong>aetatis</strong></span> <span class='ocrx_word' id='word_1_15' title='bbox 912 437 1098 469; x_wconf 89' lang='lat' dir='ltr'><strong>annum</strong></span> <span class='ocrx_word' id='word_1_16' title='bbox 1137 419 1429 482; x_wconf 81' lang='lat' dir='ltr'><strong>attigissent.</strong></span> <span class='ocrx_word' id='word_1_17' title='bbox 1484 418 1598 478; x_wconf 87' lang='lat' dir='ltr'><strong>(He</strong></span> <span class='ocrx_word' id='word_1_18' title='bbox 1616 417 1781 466; x_wconf 92' lang='lat' dir='ltr'><strong>racli</strong></span> <span class='ocrx_word' id='word_1_19' title='bbox 1798 417 1828 466; x_wconf 86' lang='lat' dir='ltr'><strong>d</strong></span> <span class='ocrx_word' id='word_1_20' title='bbox 1845 433 1869 464; x_wconf 94' lang='lat' dir='ltr'><strong>e</strong></span> <span class='ocrx_word' id='word_1_21' title='bbox 1886 435 1908 465; x_wconf 92' lang='lat' dir='ltr'><strong>s</strong></span> <span class='ocrx_word' id='word_1_22' title='bbox 1948 415 1979 464; x_wconf 88' lang='lat' dir='ltr'><strong>d</strong></span> <span class='ocrx_word' id='word_1_23' title='bbox 1996 432 2019 464; x_wconf 89' lang='lat' dir='ltr'><strong>e</strong></span> 
     </span>
    </p>
   </div>
   <div class='ocr_carea' id='block_1_3' title="bbox 181 508 1245 623">
    <p class='ocr_par' dir='ltr' id='par_1_3' title="bbox 181 508 1245 623">
     <span class='ocr_line' id='line_1_4' title="bbox 181 508 1245 623; baseline -0.012 -62"><span class='ocrx_word' id='word_1_24' title='bbox 181 512 305 561; x_wconf 86' lang='lat' dir='ltr'><strong>reb.</strong></span> <span class='ocrx_word' id='word_1_25' title='bbox 347 511 516 577; x_wconf 87' lang='lat' dir='ltr'>publ.</span> <span class='ocrx_word' id='word_1_26' title='bbox 544 508 670 566; x_wconf 73' lang='lat'>40.)</span> <span class='ocrx_word' id='word_1_27' title='bbox 949 570 1049 623; x_wconf 70' lang='lat' dir='ltr'><strong>Ad</strong></span> <span class='ocrx_word' id='word_1_28' title='bbox 1076 570 1245 622; x_wconf 70' lang='grc'><strong>1387</strong></span> 
     </span>
    </p>
   </div>
   <div class='ocr_carea' id='block_1_4' title="bbox 138 677 2031 3407">
    <p class='ocr_par' dir='ltr' id='par_1_4' title="bbox 179 677 2022 1086">
     <span class='ocr_line' id='line_1_5' title="bbox 322 677 2019 748; baseline -0.006 -12"><span class='ocrx_word' id='word_1_29' title='bbox 322 685 778 748; x_wconf 87' lang='lat' dir='ltr'><strong>Schellingius</strong></span> <span class='ocrx_word' id='word_1_30' title='bbox 819 682 905 743; x_wconf 83' lang='lat' dir='ltr'><strong>(de</strong></span> <span class='ocrx_word' id='word_1_31' title='bbox 946 681 1141 730; x_wconf 84' lang='lat' dir='ltr'><strong>Solonis</strong></span> <span class='ocrx_word' id='word_1_32' title='bbox 1182 679 1376 744; x_wconf 88' lang='lat' dir='ltr'><strong>legibus</strong></span> <span class='ocrx_word' id='word_1_33' title='bbox 1415 699 1461 745; x_wconf 92' lang='lat' dir='ltr'><strong>p.</strong></span> <span class='ocrx_word' id='word_1_34' title='bbox 1507 679 1634 739; x_wconf 82' lang='lat'>114)</span> <span class='ocrx_word' id='word_1_35' title='bbox 1677 678 1798 727; x_wconf 90' lang='lat' dir='ltr'><strong>haec</strong></span> <span class='ocrx_word' id='word_1_36' title='bbox 1839 677 2019 726; x_wconf 86' lang='lat' dir='ltr'><strong>verba:</strong></span> 
     </span>
     <span class='ocr_line' id='line_1_6' title="bbox 181 757 2021 831; baseline -0.006 -14"><span class='ocrx_word' id='word_1_37' title='bbox 181 768 271 818; x_wconf 73' lang='grc' dir='ltr'><strong>ἐὰν</strong></span> <span class='ocrx_word' id='word_1_38' title='bbox 303 770 399 831; x_wconf 72' lang='grc' dir='ltr'><strong>μὲν</strong></span> <span class='ocrx_word' id='word_1_39' title='bbox 438 763 656 827; x_wconf 76' lang='grc' dir='ltr'><em>ἀδελφοὶ</em></span> <span class='ocrx_word' id='word_1_40' title='bbox 697 760 820 812; x_wconf 75' lang='grc' dir='ltr'><em>ὦσιν</em></span> <span class='ocrx_word' id='word_1_41' title='bbox 860 758 1172 827; x_wconf 79' lang='grc' dir='ltr'><em>ὁμοπάτορες</em></span> <span class='ocrx_word' id='word_1_42' title='bbox 1221 764 1311 808; x_wconf 75' lang='grc' dir='ltr'><em>καί</em></span> <span class='ocrx_word' id='word_1_43' title='bbox 1350 758 1441 809; x_wconf 76' lang='grc' dir='ltr'><strong>ἐάν</strong></span> <span class='ocrx_word' id='word_1_44' title='bbox 1481 759 1649 816; x_wconf 76' lang='grc' dir='ltr'><em>παῖδες</em></span> <span class='ocrx_word' id='word_1_45' title='bbox 1687 764 1737 817; x_wconf 72' lang='grc' dir='ltr'><strong>ἐξ</strong></span> <span class='ocrx_word' id='word_1_46' title='bbox 1779 757 2021 819; x_wconf 75' lang='grc' dir='ltr'><em>ἀδελφῶν</em></span> 
     </span>
     <span class='ocr_line' id='line_1_7' title="bbox 180 842 2021 919; baseline -0.004 -20"><span class='ocrx_word' id='word_1_47' title='bbox 180 850 406 919; x_wconf 76' lang='grc' dir='ltr'><em>γνήσιοι,</em></span> <span class='ocrx_word' id='word_1_48' title='bbox 446 847 539 908; x_wconf 76' lang='grc' dir='ltr'><strong>τήν</strong></span> <span class='ocrx_word' id='word_1_49' title='bbox 566 848 658 897; x_wconf 79' lang='grc' dir='ltr'><strong>τοῦ</strong></span> <span class='ocrx_word' id='word_1_50' title='bbox 688 844 872 910; x_wconf 82' lang='grc' dir='ltr'><em>πατρὸς</em></span> <span class='ocrx_word' id='word_1_51' title='bbox 893 852 1083 910; x_wconf 78' lang='grc' dir='ltr'><em>μοῖραν</em></span> <span class='ocrx_word' id='word_1_52' title='bbox 1110 842 1419 911; x_wconf 72' lang='grc' dir='ltr'><em>λαγχάνειν,</em></span> <span class='ocrx_word' id='word_1_53' title='bbox 1459 847 1527 894; x_wconf 88' lang='lat' dir='ltr'><strong>ita</strong></span> <span class='ocrx_word' id='word_1_54' title='bbox 1556 846 1794 911; x_wconf 80' lang='lat' dir='ltr'><strong>explicat:</strong></span> <span class='ocrx_word' id='word_1_55' title='bbox 1826 846 1896 908; x_wconf 86' lang='lat' dir='ltr'><strong>„si</strong></span> <span class='ocrx_word' id='word_1_56' title='bbox 1925 845 2021 892; x_wconf 88' lang='lat' dir='ltr'><strong>fra-</strong></span> 
     </span>
     <span class='ocr_line' id='line_1_8' title="bbox 180 927 2022 1001; baseline -0.005 -16"><span class='ocrx_word' id='word_1_57' title='bbox 180 947 274 985; x_wconf 79' lang='lat' dir='ltr'><strong>tres</strong></span> <span class='ocrx_word' id='word_1_58' title='bbox 301 940 565 1001; x_wconf 79' lang='lat' dir='ltr'><strong>supersunt</strong></span> <span class='ocrx_word' id='word_1_59' title='bbox 592 941 640 982; x_wconf 93' lang='lat' dir='ltr'><strong>et</strong></span> <span class='ocrx_word' id='word_1_60' title='bbox 667 933 752 981; x_wconf 90' lang='lat' dir='ltr'><strong>filii</strong></span> <span class='ocrx_word' id='word_1_61' title='bbox 779 933 987 981; x_wconf 81' lang='lat' dir='ltr'><strong>fratrum</strong></span> <span class='ocrx_word' id='word_1_62' title='bbox 1012 929 1243 995; x_wconf 82' lang='lat' dir='ltr'><strong>legitimi,</strong></span> <span class='ocrx_word' id='word_1_63' title='bbox 1284 929 1564 994; x_wconf 79' lang='lat' dir='ltr'><strong>accipiunto</strong></span> <span class='ocrx_word' id='word_1_64' title='bbox 1605 936 1797 995; x_wconf 88' lang='lat' dir='ltr'><strong>partem</strong></span> <span class='ocrx_word' id='word_1_65' title='bbox 1835 927 2022 976; x_wconf 89' lang='lat' dir='ltr'><strong>heredi-</strong></span> 
     </span>
     <span class='ocr_line' id='line_1_9' title="bbox 179 1010 2019 1086; baseline -0.007 -15"><span class='ocrx_word' id='word_1_66' title='bbox 179 1023 307 1083; x_wconf 84' lang='lat' dir='ltr'><strong>tatis,</strong></span> <span class='ocrx_word' id='word_1_67' title='bbox 336 1037 460 1086; x_wconf 91' lang='lat' dir='ltr'><strong>quae</strong></span> <span class='ocrx_word' id='word_1_68' title='bbox 489 1019 551 1069; x_wconf 90' lang='lat' dir='ltr'><strong>ad</strong></span> <span class='ocrx_word' id='word_1_69' title='bbox 578 1026 767 1085; x_wconf 85' lang='lat' dir='ltr'><strong>patrem</strong></span> <span class='ocrx_word' id='word_1_70' title='bbox 791 1023 1087 1084; x_wconf 87' lang='lat' dir='ltr'><strong>perventura</strong></span> <span class='ocrx_word' id='word_1_71' title='bbox 1113 1015 1283 1064; x_wconf 88' lang='lat' dir='ltr'><strong>fuisset</strong></span> <span class='ocrx_word' id='word_1_72' title='bbox 1310 1014 1437 1074; x_wconf 83' lang='lat' dir='ltr'><strong>(scil.</strong></span> <span class='ocrx_word' id='word_1_73' title='bbox 1455 1015 1494 1063; x_wconf 92' lang='lat' dir='ltr'><strong>si</strong></span> <span class='ocrx_word' id='word_1_74' title='bbox 1509 1021 1759 1079; x_wconf 88' lang='lat' dir='ltr'><strong>superstes</strong></span> <span class='ocrx_word' id='word_1_75' title='bbox 1774 1010 2019 1071; x_wconf 80' lang='lat' dir='ltr'><strong>fuisset).“</strong></span> 
     </span>
    </p>

    <p class='ocr_par' dir='ltr' id='par_1_5' title="bbox 181 1094 2023 1331">
     <span class='ocr_line' id='line_1_10' title="bbox 323 1094 2022 1163; baseline -0.007 -9"><span class='ocrx_word' id='word_1_76' title='bbox 323 1103 610 1154; x_wconf 83' lang='lat' dir='ltr'><strong>Gansius</strong></span> <span class='ocrx_word' id='word_1_77' title='bbox 653 1103 789 1163; x_wconf 87' lang='lat' dir='ltr'><strong>(Das</strong></span> <span class='ocrx_word' id='word_1_78' title='bbox 828 1099 1072 1150; x_wconf 87' lang='lat' dir='ltr'><strong>Erbrecht</strong></span> <span class='ocrx_word' id='word_1_79' title='bbox 1108 1100 1159 1148; x_wconf 89' lang='lat' dir='ltr'><strong>in</strong></span> <span class='ocrx_word' id='word_1_80' title='bbox 1201 1097 1730 1162; x_wconf 82' lang='lat' dir='ltr'><strong>weltgeschichtlicher</strong></span> <span class='ocrx_word' id='word_1_81' title='bbox 1771 1094 2022 1145; x_wconf 88' lang='lat' dir='ltr'><strong>Entwick-</strong></span> 
     </span>
     <span class='ocr_line' id='line_1_11' title="bbox 181 1175 2023 1252; baseline -0.008 -15"><span class='ocrx_word' id='word_1_82' title='bbox 181 1189 328 1252; x_wconf 88' lang='lat' dir='ltr'><strong>lung)</strong></span> <span class='ocrx_word' id='word_1_83' title='bbox 355 1188 480 1235; x_wconf 90' lang='lat' dir='ltr'><strong>miro</strong></span> <span class='ocrx_word' id='word_1_84' title='bbox 507 1186 654 1235; x_wconf 89' lang='lat' dir='ltr'><strong>modo</strong></span> <span class='ocrx_word' id='word_1_85' title='bbox 681 1186 872 1234; x_wconf 88' lang='lat' dir='ltr'><strong>initium</strong></span> <span class='ocrx_word' id='word_1_86' title='bbox 910 1184 1034 1247; x_wconf 90' lang='lat' dir='ltr'><strong>legis</strong></span> <span class='ocrx_word' id='word_1_87' title='bbox 1072 1184 1140 1232; x_wconf 87' lang='lat' dir='ltr'><strong>ita</strong></span> <span class='ocrx_word' id='word_1_88' title='bbox 1166 1182 1430 1248; x_wconf 83' lang='lat' dir='ltr'><strong>pervertit:</strong></span> <span class='ocrx_word' id='word_1_89' title='bbox 1471 1175 1600 1236; x_wconf 82' lang='grc' dir='ltr'><em>ὅςτις</em></span> <span class='ocrx_word' id='word_1_90' title='bbox 1627 1175 1695 1226; x_wconf 72' lang='grc' dir='ltr'><strong>ἄν</strong></span> <span class='ocrx_word' id='word_1_91' title='bbox 1722 1176 2023 1240; x_wconf 73' lang='grc' dir='ltr'><em>διαθέμενος</em></span> 
     </span>
     <span class='ocr_line' id='line_1_12' title="bbox 182 1267 1299 1331; baseline -0.004 -14"><span class='ocrx_word' id='word_1_92' title='bbox 182 1267 427 1331; x_wconf 78' lang='grc' dir='ltr'><em>ἀποθάνῃ</em></span> <span class='ocrx_word' id='word_1_93' title='bbox 445 1306 456 1326; x_wconf 85' lang='grc'><em>,</em></span> <span class='ocrx_word' id='word_1_94' title='bbox 497 1287 553 1319; x_wconf 92' lang='lat' dir='ltr'><strong>ac</strong></span> <span class='ocrx_word' id='word_1_95' title='bbox 581 1270 620 1319; x_wconf 92' lang='lat' dir='ltr'><strong>si</strong></span> <span class='ocrx_word' id='word_1_96' title='bbox 648 1269 708 1318; x_wconf 89' lang='lat' dir='ltr'><strong>de</strong></span> <span class='ocrx_word' id='word_1_97' title='bbox 735 1274 1029 1317; x_wconf 88' lang='lat' dir='ltr'><strong>testamento</strong></span> <span class='ocrx_word' id='word_1_98' title='bbox 1058 1272 1299 1331; x_wconf 84' lang='lat' dir='ltr'><strong>ageretur.</strong></span> 
     </span>
    </p>

    <p class='ocr_par' dir='ltr' id='par_1_6' title="bbox 181 1345 2029 2252">
     <span class='ocr_line' id='line_1_13' title="bbox 323 1345 2024 1417; baseline -0.005 -14"><span class='ocrx_word' id='word_1_99' title='bbox 323 1356 548 1404; x_wconf 87' lang='lat' dir='ltr'><strong>Isaeus</strong></span> <span class='ocrx_word' id='word_1_100' title='bbox 582 1353 653 1402; x_wconf 87' lang='lat' dir='ltr'><strong>de</strong></span> <span class='ocrx_word' id='word_1_101' title='bbox 680 1352 980 1417; x_wconf 86' lang='lat' dir='ltr'><strong>Hagniae</strong></span> <span class='ocrx_word' id='word_1_102' title='bbox 1015 1349 1228 1398; x_wconf 87' lang='lat' dir='ltr'><strong>hered.</strong></span> <span class='ocrx_word' id='word_1_103' title='bbox 1258 1345 1300 1413; x_wconf 67' lang='grc' dir='ltr'><strong>ξ.</strong></span> <span class='ocrx_word' id='word_1_104' title='bbox 1331 1348 1494 1396; x_wconf 81' lang='grc'><strong>1-2;</strong></span> <span class='ocrx_word' id='word_1_105' title='bbox 1536 1349 1642 1398; x_wconf 85' lang='lat' dir='ltr'><strong>Lex</strong></span> <span class='ocrx_word' id='word_1_106' title='bbox 1666 1347 1777 1409; x_wconf 83' lang='lat' dir='ltr'><strong>illa,</strong></span> <span class='ocrx_word' id='word_1_107' title='bbox 1808 1364 1933 1411; x_wconf 91' lang='lat' dir='ltr'><strong>quae</strong></span> <span class='ocrx_word' id='word_1_108' title='bbox 1965 1345 2024 1394; x_wconf 90' lang='lat' dir='ltr'><strong>de</strong></span> 
     </span>
     <span class='ocr_line' id='line_1_14' title="bbox 181 1418 2023 1498; baseline -0.004 -12"><span class='ocrx_word' id='word_1_109' title='bbox 181 1439 326 1488; x_wconf 86' lang='lat' dir='ltr'><strong>bonis</strong></span> <span class='ocrx_word' id='word_1_110' title='bbox 366 1456 395 1486; x_wconf 92' lang='lat' dir='ltr'><strong>a</strong></span> <span class='ocrx_word' id='word_1_111' title='bbox 434 1438 586 1487; x_wconf 88' lang='lat' dir='ltr'><strong>fratre</strong></span> <span class='ocrx_word' id='word_1_112' title='bbox 623 1437 805 1485; x_wconf 89' lang='lat' dir='ltr'><strong>relictis</strong></span> <span class='ocrx_word' id='word_1_113' title='bbox 845 1433 1124 1494; x_wconf 80' lang='lat' dir='ltr'><strong>constituit,</strong></span> <span class='ocrx_word' id='word_1_114' title='bbox 1165 1418 1378 1498; x_wconf 84' lang='lat' dir='ltr'><strong>primum</strong></span> <span class='ocrx_word' id='word_1_115' title='bbox 1406 1432 1642 1481; x_wconf 86' lang='lat' dir='ltr'><strong>fratribus</strong></span> <span class='ocrx_word' id='word_1_116' title='bbox 1669 1431 1916 1496; x_wconf 88' lang='lat' dir='ltr'><strong>germanis</strong></span> <span class='ocrx_word' id='word_1_117' title='bbox 1944 1446 2023 1478; x_wconf 93' lang='lat' dir='ltr'><strong>eo-</strong></span> 
     </span>
     <span class='ocr_line' id='line_1_15' title="bbox 183 1513 2024 1586; baseline -0.005 -16"><span class='ocrx_word' id='word_1_118' title='bbox 183 1538 388 1586; x_wconf 89' lang='lat' dir='ltr'><strong>rumque</strong></span> <span class='ocrx_word' id='word_1_119' title='bbox 427 1520 595 1569; x_wconf 92' lang='lat' dir='ltr'><strong>liberis</strong></span> <span class='ocrx_word' id='word_1_120' title='bbox 621 1518 868 1584; x_wconf 87' lang='lat' dir='ltr'><strong>adjudicat</strong></span> <span class='ocrx_word' id='word_1_121' title='bbox 893 1518 1052 1566; x_wconf 90' lang='lat' dir='ltr'><strong>bona:</strong></span> <span class='ocrx_word' id='word_1_122' title='bbox 1091 1515 1170 1564; x_wconf 92' lang='lat' dir='ltr'><strong>hic</strong></span> <span class='ocrx_word' id='word_1_123' title='bbox 1197 1515 1326 1564; x_wconf 90' lang='lat' dir='ltr'><strong>enim</strong></span> <span class='ocrx_word' id='word_1_124' title='bbox 1353 1515 1607 1581; x_wconf 87' lang='lat' dir='ltr'><strong>proximus</strong></span> <span class='ocrx_word' id='word_1_125' title='bbox 1635 1523 1707 1565; x_wconf 88' lang='lat' dir='ltr'><strong>est</strong></span> <span class='ocrx_word' id='word_1_126' title='bbox 1733 1513 2024 1579; x_wconf 88' lang='lat' dir='ltr'><strong>consangui-</strong></span> 
     </span>
     <span class='ocr_line' id='line_1_16' title="bbox 183 1598 2023 1665; baseline -0.005 -12"><span class='ocrx_word' id='word_1_127' title='bbox 183 1604 349 1653; x_wconf 90' lang='lat' dir='ltr'><strong>nitatis</strong></span> <span class='ocrx_word' id='word_1_128' title='bbox 376 1621 405 1652; x_wconf 90' lang='lat' dir='ltr'><strong>a</strong></span> <span class='ocrx_word' id='word_1_129' title='bbox 432 1603 667 1652; x_wconf 88' lang='lat' dir='ltr'><strong>defuncto</strong></span> <span class='ocrx_word' id='word_1_130' title='bbox 695 1600 890 1665; x_wconf 87' lang='lat' dir='ltr'><strong>gradus.</strong></span> <span class='ocrx_word' id='word_1_131' title='bbox 933 1600 1018 1649; x_wconf 83' lang='lat' dir='ltr'><strong>Sin</strong></span> <span class='ocrx_word' id='word_1_132' title='bbox 1045 1607 1207 1647; x_wconf 86' lang='lat' dir='ltr'><strong>autem</strong></span> <span class='ocrx_word' id='word_1_133' title='bbox 1233 1598 1283 1646; x_wconf 91' lang='lat' dir='ltr'><strong>hi</strong></span> <span class='ocrx_word' id='word_1_134' title='bbox 1309 1616 1410 1646; x_wconf 92' lang='lat' dir='ltr'><strong>non</strong></span> <span class='ocrx_word' id='word_1_135' title='bbox 1437 1599 1561 1661; x_wconf 85' lang='lat' dir='ltr'><strong>sint,</strong></span> <span class='ocrx_word' id='word_1_136' title='bbox 1589 1600 1670 1649; x_wconf 87' lang='lat' dir='ltr'><strong>lex</strong></span> <span class='ocrx_word' id='word_1_137' title='bbox 1697 1617 1888 1649; x_wconf 88' lang='lat' dir='ltr'><strong>sorores</strong></span> <span class='ocrx_word' id='word_1_138' title='bbox 1915 1615 2023 1663; x_wconf 84' lang='lat' dir='ltr'><strong>ger-</strong></span> 
     </span>
     <span class='ocr_line' id='line_1_17' title="bbox 184 1681 2025 1750; baseline -0.004 -14"><span class='ocrx_word' id='word_1_139' title='bbox 184 1705 353 1736; x_wconf 90' lang='lat' dir='ltr'><strong>manas</strong></span> <span class='ocrx_word' id='word_1_140' title='bbox 381 1703 645 1750; x_wconf 89' lang='lat' dir='ltr'><strong>earumque</strong></span> <span class='ocrx_word' id='word_1_141' title='bbox 672 1685 855 1733; x_wconf 88' lang='lat' dir='ltr'><strong>liberos</strong></span> <span class='ocrx_word' id='word_1_142' title='bbox 885 1683 947 1732; x_wconf 89' lang='lat' dir='ltr'><strong>ad</strong></span> <span class='ocrx_word' id='word_1_143' title='bbox 972 1682 1293 1731; x_wconf 84' lang='lat' dir='ltr'><strong>hereditatem</strong></span> <span class='ocrx_word' id='word_1_144' title='bbox 1320 1681 1596 1730; x_wconf 83' lang='lat' dir='ltr'><strong>adeundam</strong></span> <span class='ocrx_word' id='word_1_145' title='bbox 1623 1683 1841 1731; x_wconf 84' lang='lat' dir='ltr'><strong>arcessit.</strong></span> <span class='ocrx_word' id='word_1_146' title='bbox 1892 1681 2025 1729; x_wconf 93' lang='lat' dir='ltr'><strong>Defi-</strong></span> 
     </span>
     <span class='ocr_line' id='line_1_18' title="bbox 186 1763 2024 1832; baseline -0.005 -13"><span class='ocrx_word' id='word_1_147' title='bbox 186 1770 422 1819; x_wconf 88' lang='lat' dir='ltr'><strong>cientibus</strong></span> <span class='ocrx_word' id='word_1_148' title='bbox 449 1768 522 1816; x_wconf 88' lang='lat' dir='ltr'><strong>his</strong></span> <span class='ocrx_word' id='word_1_149' title='bbox 549 1784 744 1832; x_wconf 90' lang='lat' dir='ltr'><strong>quoque</strong></span> <span class='ocrx_word' id='word_1_150' title='bbox 761 1806 771 1821; x_wconf 84' lang='grc'>,</span> <span class='ocrx_word' id='word_1_151' title='bbox 811 1775 915 1815; x_wconf 89' lang='lat' dir='ltr'><strong>tum</strong></span> <span class='ocrx_word' id='word_1_152' title='bbox 954 1766 1151 1814; x_wconf 88' lang='lat' dir='ltr'><strong>demum</strong></span> <span class='ocrx_word' id='word_1_153' title='bbox 1187 1765 1267 1813; x_wconf 84' lang='lat' dir='ltr'><strong>lex</strong></span> <span class='ocrx_word' id='word_1_154' title='bbox 1306 1765 1449 1813; x_wconf 88' lang='lat' dir='ltr'><strong>tertio</strong></span> <span class='ocrx_word' id='word_1_155' title='bbox 1476 1765 1653 1828; x_wconf 90' lang='lat' dir='ltr'><strong>gradui</strong></span> <span class='ocrx_word' id='word_1_156' title='bbox 1679 1763 2024 1827; x_wconf 88' lang='lat' dir='ltr'><strong>consanguini-</strong></span> 
     </span>
     <span class='ocr_line' id='line_1_19' title="bbox 184 1847 2029 1917; baseline -0.004 -15"><span class='ocrx_word' id='word_1_157' title='bbox 184 1854 298 1903; x_wconf 84' lang='lat' dir='ltr'><strong>tatis</strong></span> <span class='ocrx_word' id='word_1_158' title='bbox 337 1852 505 1902; x_wconf 87' lang='lat' dir='ltr'><strong>tribuit</strong></span> <span class='ocrx_word' id='word_1_159' title='bbox 544 1851 931 1917; x_wconf 80' lang='lat' dir='ltr'><strong>proximitatem,</strong></span> <span class='ocrx_word' id='word_1_160' title='bbox 973 1847 1282 1897; x_wconf 88' lang='lat' dir='ltr'><strong>consobrinis</strong></span> <span class='ocrx_word' id='word_1_161' title='bbox 1321 1864 1501 1912; x_wconf 89' lang='lat' dir='ltr'><strong>nempe</strong></span> <span class='ocrx_word' id='word_1_162' title='bbox 1541 1865 1565 1896; x_wconf 92' lang='lat' dir='ltr'><strong>e</strong></span> <span class='ocrx_word' id='word_1_163' title='bbox 1608 1854 1746 1913; x_wconf 86' lang='lat' dir='ltr'><strong>parte</strong></span> <span class='ocrx_word' id='word_1_164' title='bbox 1787 1848 1941 1913; x_wconf 87' lang='lat' dir='ltr'><strong>patris</strong></span> <span class='ocrx_word' id='word_1_165' title='bbox 1982 1853 2029 1895; x_wconf 89' lang='lat' dir='ltr'><strong>et</strong></span> 
     </span>
     <span class='ocr_line' id='line_1_20' title="bbox 186 1929 2028 1996; baseline -0.003 -12"><span class='ocrx_word' id='word_1_166' title='bbox 186 1937 361 1986; x_wconf 92' lang='lat' dir='ltr'><strong>horum</strong></span> <span class='ocrx_word' id='word_1_167' title='bbox 385 1935 566 1985; x_wconf 88' lang='lat' dir='ltr'><strong>liberis.</strong></span> <span class='ocrx_word' id='word_1_168' title='bbox 621 1933 707 1982; x_wconf 83' lang='lat' dir='ltr'><strong>Sin</strong></span> <span class='ocrx_word' id='word_1_169' title='bbox 747 1941 911 1982; x_wconf 87' lang='lat' dir='ltr'><strong>autem</strong></span> <span class='ocrx_word' id='word_1_170' title='bbox 950 1932 1027 1980; x_wconf 87' lang='lat' dir='ltr'><strong>hic</strong></span> <span class='ocrx_word' id='word_1_171' title='bbox 1067 1947 1261 1996; x_wconf 84' lang='lat' dir='ltr'><strong>quoque</strong></span> <span class='ocrx_word' id='word_1_172' title='bbox 1300 1930 1483 1993; x_wconf 87' lang='lat' dir='ltr'><strong>gradus</strong></span> <span class='ocrx_word' id='word_1_173' title='bbox 1511 1930 1769 1992; x_wconf 75' lang='lat' dir='ltr'><strong>defecerit,</strong></span> <span class='ocrx_word' id='word_1_174' title='bbox 1812 1931 1938 1980; x_wconf 88' lang='lat' dir='ltr'><strong>redit</strong></span> <span class='ocrx_word' id='word_1_175' title='bbox 1962 1929 2028 1978; x_wconf 89' lang='lat' dir='ltr'><strong>le-</strong></span> 
     </span>
     <span class='ocr_line' id='line_1_21' title="bbox 185 2007 2027 2084; baseline -0.004 -15"><span class='ocrx_word' id='word_1_176' title='bbox 185 2021 389 2084; x_wconf 86' lang='lat' dir='ltr'><strong>gislator</strong></span> <span class='ocrx_word' id='word_1_177' title='bbox 415 2019 476 2068; x_wconf 86' lang='lat' dir='ltr'><strong>ad</strong></span> <span class='ocrx_word' id='word_1_178' title='bbox 508 2007 802 2083; x_wconf 83' lang='lat' dir='ltr'><strong>principium</strong></span> <span class='ocrx_word' id='word_1_179' title='bbox 828 2016 1049 2081; x_wconf 80' lang='lat' dir='ltr'><strong>generis⁷</strong></span> <span class='ocrx_word' id='word_1_180' title='bbox 1085 2024 1132 2064; x_wconf 87' lang='lat' dir='ltr'><strong>et</strong></span> <span class='ocrx_word' id='word_1_181' title='bbox 1159 2014 1369 2063; x_wconf 88' lang='lat' dir='ltr'><strong>arbitros</strong></span> <span class='ocrx_word' id='word_1_182' title='bbox 1396 2015 1639 2063; x_wconf 88' lang='lat' dir='ltr'><strong>bonorum</strong></span> <span class='ocrx_word' id='word_1_183' title='bbox 1667 2014 1884 2063; x_wconf 88' lang='lat' dir='ltr'><strong>defuncti</strong></span> <span class='ocrx_word' id='word_1_184' title='bbox 1911 2031 2027 2063; x_wconf 90' lang='lat' dir='ltr'><strong>con-</strong></span> 
     </span>
     <span class='ocr_line' id='line_1_22' title="bbox 187 2096 2029 2168; baseline -0.004 -16"><span class='ocrx_word' id='word_1_185' title='bbox 187 2103 411 2152; x_wconf 88' lang='lat' dir='ltr'><strong>sobrinos</strong></span> <span class='ocrx_word' id='word_1_186' title='bbox 438 2120 467 2152; x_wconf 89' lang='lat' dir='ltr'><strong>a</strong></span> <span class='ocrx_word' id='word_1_187' title='bbox 493 2109 630 2168; x_wconf 89' lang='lat' dir='ltr'><strong>parte</strong></span> <span class='ocrx_word' id='word_1_188' title='bbox 669 2107 915 2161; x_wconf 80' lang='lat' dir='ltr'><strong>materna,</strong></span> <span class='ocrx_word' id='word_1_189' title='bbox 958 2098 1132 2148; x_wconf 87' lang='lat' dir='ltr'><strong>eodem</strong></span> <span class='ocrx_word' id='word_1_190' title='bbox 1171 2096 1340 2146; x_wconf 85' lang='lat' dir='ltr'><strong>ordine</strong></span> <span class='ocrx_word' id='word_1_191' title='bbox 1379 2105 1525 2162; x_wconf 90' lang='lat' dir='ltr'><strong>atque</strong></span> <span class='ocrx_word' id='word_1_192' title='bbox 1563 2098 1614 2146; x_wconf 92' lang='lat' dir='ltr'><strong>in</strong></span> <span class='ocrx_word' id='word_1_193' title='bbox 1653 2097 2029 2162; x_wconf 82' lang='lat' dir='ltr'><strong>consanguineis</strong></span> 
     </span>
     <span class='ocr_line' id='line_1_23' title="bbox 190 2186 422 2252; baseline -0.009 -16"><span class='ocrx_word' id='word_1_194' title='bbox 190 2186 422 2252; x_wconf 86' lang='lat' dir='ltr'><strong>paternis.</strong></span> 
     </span>
    </p>

    <p class='ocr_par' dir='ltr' id='par_1_7' title="bbox 138 2261 2031 3238">
     <span class='ocr_line' id='line_1_24' title="bbox 334 2261 2031 2332; baseline -0.003 -13"><span class='ocrx_word' id='word_1_195' title='bbox 334 2269 404 2320; x_wconf 87' lang='lat' dir='ltr'><strong>ld</strong></span> <span class='ocrx_word' id='word_1_196' title='bbox 421 2287 510 2318; x_wconf 90' lang='lat' dir='ltr'><strong>em</strong></span> <span class='ocrx_word' id='word_1_197' title='bbox 549 2267 579 2317; x_wconf 85' lang='lat' dir='ltr'><strong>d</strong></span> <span class='ocrx_word' id='word_1_198' title='bbox 595 2285 619 2317; x_wconf 91' lang='lat' dir='ltr'><strong>e</strong></span> <span class='ocrx_word' id='word_1_199' title='bbox 648 2266 736 2332; x_wconf 90' lang='lat' dir='ltr'><strong>Ap</strong></span> <span class='ocrx_word' id='word_1_200' title='bbox 752 2265 883 2315; x_wconf 93' lang='lat' dir='ltr'><strong>ollo</strong></span> <span class='ocrx_word' id='word_1_201' title='bbox 901 2264 943 2314; x_wconf 92' lang='lat' dir='ltr'><strong>d.</strong></span> <span class='ocrx_word' id='word_1_202' title='bbox 970 2265 1002 2313; x_wconf 94' lang='lat' dir='ltr'>h</span> <span class='ocrx_word' id='word_1_203' title='bbox 1018 2281 1042 2312; x_wconf 91' lang='lat' dir='ltr'><strong>e</strong></span> <span class='ocrx_word' id='word_1_204' title='bbox 1059 2283 1081 2313; x_wconf 92' lang='lat' dir='ltr'><strong>r</strong></span> <span class='ocrx_word' id='word_1_205' title='bbox 1098 2282 1122 2314; x_wconf 89' lang='lat' dir='ltr'><strong>e</strong></span> <span class='ocrx_word' id='word_1_206' title='bbox 1138 2264 1182 2314; x_wconf 88' lang='lat' dir='ltr'><strong>d.</strong></span> <span class='ocrx_word' id='word_1_207' title='bbox 1212 2261 1255 2329; x_wconf 62' lang='grc' dir='ltr'><strong>ξ.</strong></span> <span class='ocrx_word' id='word_1_208' title='bbox 1284 2264 1364 2313; x_wconf 84' lang='grc'><strong>20.</strong></span> <span class='ocrx_word' id='word_1_209' title='bbox 1404 2265 1625 2314; x_wconf 88' lang='lat' dir='ltr'><strong>Filiabus</strong></span> <span class='ocrx_word' id='word_1_210' title='bbox 1653 2274 1701 2314; x_wconf 88' lang='lat' dir='ltr'><strong>et</strong></span> <span class='ocrx_word' id='word_1_211' title='bbox 1726 2265 1975 2315; x_wconf 87' lang='lat' dir='ltr'><strong>sororibus</strong></span> <span class='ocrx_word' id='word_1_212' title='bbox 2002 2284 2031 2315; x_wconf 90' lang='lat' dir='ltr'><strong>a</strong></span> 
     </span>
     <span class='ocr_line' id='line_1_25' title="bbox 185 2348 2026 2418; baseline -0.003 -17"><span class='ocrx_word' id='word_1_213' title='bbox 185 2355 296 2418; x_wconf 88' lang='lat' dir='ltr'><strong>jure</strong></span> <span class='ocrx_word' id='word_1_214' title='bbox 336 2351 464 2401; x_wconf 91' lang='lat' dir='ltr'><strong>civili</strong></span> <span class='ocrx_word' id='word_1_215' title='bbox 503 2358 668 2416; x_wconf 89' lang='lat' dir='ltr'><strong>partes</strong></span> <span class='ocrx_word' id='word_1_216' title='bbox 707 2349 937 2414; x_wconf 87' lang='lat' dir='ltr'><strong>aequales</strong></span> <span class='ocrx_word' id='word_1_217' title='bbox 976 2348 1221 2396; x_wconf 89' lang='lat' dir='ltr'><strong>bonorum</strong></span> <span class='ocrx_word' id='word_1_218' title='bbox 1259 2364 1288 2395; x_wconf 91' lang='lat' dir='ltr'><strong>a</strong></span> <span class='ocrx_word' id='word_1_219' title='bbox 1313 2349 1537 2413; x_wconf 88' lang='lat' dir='ltr'><strong>patribus</strong></span> <span class='ocrx_word' id='word_1_220' title='bbox 1576 2349 1855 2398; x_wconf 89' lang='lat' dir='ltr'><strong>relictorum</strong></span> <span class='ocrx_word' id='word_1_221' title='bbox 1895 2349 2026 2398; x_wconf 86' lang='lat' dir='ltr'><strong>attri-</strong></span> 
     </span>
     <span class='ocr_line' id='line_1_26' title="bbox 190 2430 2030 2496; baseline -0.001 -14"><span class='ocrx_word' id='word_1_222' title='bbox 190 2435 433 2494; x_wconf 82' lang='lat' dir='ltr'><strong>buuntur3</strong></span> <span class='ocrx_word' id='word_1_223' title='bbox 474 2433 881 2482; x_wconf 89' lang='lat' dir='ltr'><strong>consobrinorum</strong></span> <span class='ocrx_word' id='word_1_224' title='bbox 915 2438 1079 2480; x_wconf 90' lang='lat' dir='ltr'><strong>autem</strong></span> <span class='ocrx_word' id='word_1_225' title='bbox 1106 2430 1165 2479; x_wconf 87' lang='lat' dir='ltr'><strong>de</strong></span> <span class='ocrx_word' id='word_1_226' title='bbox 1191 2430 1359 2491; x_wconf 88' lang='lat' dir='ltr'><strong>bonis,</strong></span> <span class='ocrx_word' id='word_1_227' title='bbox 1403 2439 1450 2480; x_wconf 91' lang='lat' dir='ltr'><strong>et</strong></span> <span class='ocrx_word' id='word_1_228' title='bbox 1478 2433 1753 2496; x_wconf 90' lang='lat' dir='ltr'><strong>quicunque</strong></span> <span class='ocrx_word' id='word_1_229' title='bbox 1782 2433 1864 2481; x_wconf 86' lang='lat' dir='ltr'><strong>alii</strong></span> <span class='ocrx_word' id='word_1_230' title='bbox 1892 2440 2030 2482; x_wconf 89' lang='lat' dir='ltr'><strong>extra</strong></span> 
     </span>
     <span class='ocr_line' id='line_1_27' title="bbox 138 2514 2030 2582; baseline 0.001 -19"><span class='ocrx_word' id='word_1_231' title='bbox 138 2559 141 2563; x_wconf 78' lang='grc'>,</span> <span class='ocrx_word' id='word_1_232' title='bbox 192 2517 501 2582; x_wconf 86' lang='lat' dir='ltr'><strong>cognationis</strong></span> <span class='ocrx_word' id='word_1_233' title='bbox 526 2516 733 2580; x_wconf 87' lang='lat' dir='ltr'><strong>gradum</strong></span> <span class='ocrx_word' id='word_1_234' title='bbox 760 2514 908 2564; x_wconf 87' lang='lat' dir='ltr'><strong>modo</strong></span> <span class='ocrx_word' id='word_1_235' title='bbox 937 2514 1121 2562; x_wconf 89' lang='lat' dir='ltr'><strong>dictum</strong></span> <span class='ocrx_word' id='word_1_236' title='bbox 1147 2521 1284 2575; x_wconf 90' lang='lat' dir='ltr'><strong>sunt,</strong></span> <span class='ocrx_word' id='word_1_237' title='bbox 1316 2532 1416 2562; x_wconf 90' lang='lat' dir='ltr'><strong>non</strong></span> <span class='ocrx_word' id='word_1_238' title='bbox 1443 2516 1670 2579; x_wconf 88' lang='lat' dir='ltr'><strong>aequales</strong></span> <span class='ocrx_word' id='word_1_239' title='bbox 1696 2517 2030 2565; x_wconf 86' lang='lat' dir='ltr'><strong>attribuuntur</strong></span> 
     </span>
     <span class='ocr_line' id='line_1_28' title="bbox 194 2597 2027 2665; baseline -0.001 -16"><span class='ocrx_word' id='word_1_240' title='bbox 194 2608 355 2665; x_wconf 86' lang='lat' dir='ltr'><strong>partes</strong></span> <span class='ocrx_word' id='word_1_241' title='bbox 381 2600 739 2649; x_wconf 88' lang='lat' dir='ltr'><strong>haereditatum</strong></span> <span class='ocrx_word' id='word_1_242' title='bbox 764 2598 978 2659; x_wconf 77' lang='lat' dir='ltr'><strong>feminis,</strong></span> <span class='ocrx_word' id='word_1_243' title='bbox 1007 2597 1092 2645; x_wconf 89' lang='lat' dir='ltr'><strong>sed</strong></span> <span class='ocrx_word' id='word_1_244' title='bbox 1119 2597 1169 2645; x_wconf 89' lang='lat' dir='ltr'><strong>in</strong></span> <span class='ocrx_word' id='word_1_245' title='bbox 1195 2597 1471 2662; x_wconf 89' lang='lat' dir='ltr'><strong>hujusmodi</strong></span> <span class='ocrx_word' id='word_1_246' title='bbox 1499 2599 1656 2647; x_wconf 87' lang='lat' dir='ltr'><strong>causis</strong></span> <span class='ocrx_word' id='word_1_247' title='bbox 1684 2599 1898 2647; x_wconf 83' lang='lat' dir='ltr'><strong>conditio</strong></span> <span class='ocrx_word' id='word_1_248' title='bbox 1926 2617 2027 2649; x_wconf 86' lang='lat' dir='ltr'><strong>ma-</strong></span> 
     </span>
     <span class='ocr_line' id='line_1_29' title="bbox 195 2681 2029 2749; baseline 0 -18"><span class='ocrx_word' id='word_1_249' title='bbox 195 2684 318 2731; x_wconf 87' lang='lat' dir='ltr'><strong>rium</strong></span> <span class='ocrx_word' id='word_1_250' title='bbox 344 2702 373 2732; x_wconf 94' lang='lat' dir='ltr'><strong>a</strong></span> <span class='ocrx_word' id='word_1_251' title='bbox 397 2685 506 2748; x_wconf 90' lang='lat' dir='ltr'><strong>lege</strong></span> <span class='ocrx_word' id='word_1_252' title='bbox 534 2683 861 2749; x_wconf 88' lang='lat' dir='ltr'><strong>praehabetur</strong></span> <span class='ocrx_word' id='word_1_253' title='bbox 894 2681 1166 2730; x_wconf 88' lang='lat' dir='ltr'><strong>conditioni</strong></span> <span class='ocrx_word' id='word_1_254' title='bbox 1193 2681 1499 2730; x_wconf 88' lang='lat' dir='ltr'><strong>feminarum.</strong></span> <span class='ocrx_word' id='word_1_255' title='bbox 1553 2681 1721 2731; x_wconf 88' lang='lat' dir='ltr'><strong>Verba</strong></span> <span class='ocrx_word' id='word_1_256' title='bbox 1746 2682 1870 2746; x_wconf 87' lang='lat' dir='ltr'><strong>legis</strong></span> <span class='ocrx_word' id='word_1_257' title='bbox 1899 2684 2029 2732; x_wconf 89' lang='lat' dir='ltr'><strong>enim</strong></span> 
     </span>
     <span class='ocr_line' id='line_1_30' title="bbox 196 2764 2028 2832; baseline 0.001 -19"><span class='ocrx_word' id='word_1_258' title='bbox 196 2764 316 2814; x_wconf 90' lang='lat' dir='ltr'><strong>haec</strong></span> <span class='ocrx_word' id='word_1_259' title='bbox 342 2775 478 2816; x_wconf 89' lang='lat' dir='ltr'><strong>sunt:</strong></span> <span class='ocrx_word' id='word_1_260' title='bbox 506 2767 722 2832; x_wconf 86' lang='lat' dir='ltr'><strong>potiores</strong></span> <span class='ocrx_word' id='word_1_261' title='bbox 749 2772 976 2830; x_wconf 87' lang='lat' dir='ltr'><strong>oportere</strong></span> <span class='ocrx_word' id='word_1_262' title='bbox 1002 2781 1162 2813; x_wconf 90' lang='lat' dir='ltr'><strong>mares</strong></span> <span class='ocrx_word' id='word_1_263' title='bbox 1191 2781 1296 2813; x_wconf 89' lang='lat' dir='ltr'><strong>esse</strong></span> <span class='ocrx_word' id='word_1_264' title='bbox 1325 2782 1349 2812; x_wconf 92' lang='lat' dir='ltr'><strong>e</strong></span> <span class='ocrx_word' id='word_1_265' title='bbox 1372 2765 1684 2830; x_wconf 87' lang='lat' dir='ltr'><strong>maribusque</strong></span> <span class='ocrx_word' id='word_1_266' title='bbox 1711 2773 1866 2827; x_wconf 82' lang='lat' dir='ltr'><strong>natos,</strong></span> <span class='ocrx_word' id='word_1_267' title='bbox 1895 2767 2028 2816; x_wconf 89' lang='lat' dir='ltr'><strong>dum-</strong></span> 
     </span>
     <span class='ocr_line' id='line_1_31' title="bbox 196 2847 2027 2912; baseline 0.001 -17"><span class='ocrx_word' id='word_1_268' title='bbox 196 2849 337 2897; x_wconf 89' lang='lat' dir='ltr'><strong>modo</strong></span> <span class='ocrx_word' id='word_1_269' title='bbox 378 2849 426 2897; x_wconf 91' lang='lat' dir='ltr'><strong>hi</strong></span> <span class='ocrx_word' id='word_1_270' title='bbox 464 2866 624 2898; x_wconf 87' lang='lat' dir='ltr'><strong>mares</strong></span> <span class='ocrx_word' id='word_1_271' title='bbox 666 2867 726 2898; x_wconf 85' lang='lat' dir='ltr'><strong>ex</strong></span> <span class='ocrx_word' id='word_1_272' title='bbox 764 2848 937 2897; x_wconf 90' lang='lat' dir='ltr'><strong>iisdem</strong></span> <span class='ocrx_word' id='word_1_273' title='bbox 976 2848 1204 2912; x_wconf 86' lang='lat' dir='ltr'><strong>prognati</strong></span> <span class='ocrx_word' id='word_1_274' title='bbox 1239 2847 1360 2908; x_wconf 82' lang='lat' dir='ltr'><strong>sint,</strong></span> <span class='ocrx_word' id='word_1_275' title='bbox 1403 2848 1545 2895; x_wconf 85' lang='lat' dir='ltr'><strong>etiam</strong></span> <span class='ocrx_word' id='word_1_276' title='bbox 1573 2849 1612 2897; x_wconf 91' lang='lat' dir='ltr'><strong>si</strong></span> <span class='ocrx_word' id='word_1_277' title='bbox 1637 2848 1795 2912; x_wconf 87' lang='lat' dir='ltr'><strong>gradu</strong></span> <span class='ocrx_word' id='word_1_278' title='bbox 1823 2865 2027 2898; x_wconf 90' lang='lat' dir='ltr'><strong>consan-</strong></span> 
     </span>
     <span class='ocr_line' id='line_1_32' title="bbox 196 2925 2029 2997; baseline -0.001 -19"><span class='ocrx_word' id='word_1_279' title='bbox 196 2932 446 2993; x_wconf 82' lang='lat' dir='ltr'><strong>guinitatis</strong></span> <span class='ocrx_word' id='word_1_280' title='bbox 484 2932 677 2997; x_wconf 89' lang='lat' dir='ltr'><strong>longius</strong></span> <span class='ocrx_word' id='word_1_281' title='bbox 720 2931 902 2980; x_wconf 88' lang='lat' dir='ltr'><strong>distent</strong></span> <span class='ocrx_word' id='word_1_282' title='bbox 941 2948 1085 2994; x_wconf 90' lang='lat' dir='ltr'><strong>quam</strong></span> <span class='ocrx_word' id='word_1_283' title='bbox 1113 2930 1338 2979; x_wconf 88' lang='lat' dir='ltr'><strong>feminae.</strong></span> <span class='ocrx_word' id='word_1_284' title='bbox 1392 2932 1636 2992; x_wconf 74' lang='grc' dir='ltr'><em>(Κρατεῖν</em></span> <span class='ocrx_word' id='word_1_285' title='bbox 1674 2928 1794 2985; x_wconf 81' lang='grc' dir='ltr'><strong>τούς</strong></span> <span class='ocrx_word' id='word_1_286' title='bbox 1821 2925 2029 2994; x_wconf 79' lang='grc' dir='ltr'><em>ἄρρενας</em></span> 
     </span>
     <span class='ocr_line' id='line_1_33' title="bbox 198 3007 2028 3079; baseline 0.002 -21"><span class='ocrx_word' id='word_1_287' title='bbox 198 3015 287 3059; x_wconf 77' lang='grc' dir='ltr'><strong>καὶ</strong></span> <span class='ocrx_word' id='word_1_288' title='bbox 316 3010 433 3066; x_wconf 76' lang='grc' dir='ltr'><strong>τούς</strong></span> <span class='ocrx_word' id='word_1_289' title='bbox 459 3017 508 3071; x_wconf 74' lang='grc' dir='ltr'><strong>ἐξ</strong></span> <span class='ocrx_word' id='word_1_290' title='bbox 536 3010 785 3078; x_wconf 79' lang='grc' dir='ltr'><em>ἀρρένων,</em></span> <span class='ocrx_word' id='word_1_291' title='bbox 827 3014 882 3060; x_wconf 76' lang='grc' dir='ltr'><strong>οἳ</strong></span> <span class='ocrx_word' id='word_1_292' title='bbox 905 3008 969 3060; x_wconf 71' lang='grc' dir='ltr'><strong>ἂν</strong></span> <span class='ocrx_word' id='word_1_293' title='bbox 997 3017 1056 3060; x_wconf 72' lang='grc' dir='ltr'><strong>ἐκ</strong></span> <span class='ocrx_word' id='word_1_294' title='bbox 1082 3011 1184 3059; x_wconf 75' lang='grc' dir='ltr'><strong>τῶν</strong></span> <span class='ocrx_word' id='word_1_295' title='bbox 1212 3009 1384 3060; x_wconf 74' lang='grc' dir='ltr'><em>αὐτῶν</em></span> <span class='ocrx_word' id='word_1_296' title='bbox 1411 3007 1497 3060; x_wconf 75' lang='grc' dir='ltr'><strong>ὦσι</strong></span> <span class='ocrx_word' id='word_1_297' title='bbox 1517 3050 1528 3069; x_wconf 83' lang='grc'>,</span> <span class='ocrx_word' id='word_1_298' title='bbox 1572 3015 1720 3079; x_wconf 88' lang='lat' dir='ltr'><strong>[quod</strong></span> <span class='ocrx_word' id='word_1_299' title='bbox 1759 3023 1922 3063; x_wconf 88' lang='lat' dir='ltr'><strong>tamen</strong></span> <span class='ocrx_word' id='word_1_300' title='bbox 1950 3015 2028 3063; x_wconf 92' lang='lat' dir='ltr'><strong>alii</strong></span> 
     </span>
     <span class='ocr_line' id='line_1_34' title="bbox 198 3090 2029 3162; baseline 0 -18"><span class='ocrx_word' id='word_1_301' title='bbox 198 3097 265 3144; x_wconf 81' lang='lat' dir='ltr'><strong>ita</strong></span> <span class='ocrx_word' id='word_1_302' title='bbox 289 3096 485 3159; x_wconf 82' lang='lat' dir='ltr'><strong>legunt:</strong></span> <span class='ocrx_word' id='word_1_303' title='bbox 525 3094 615 3144; x_wconf 78' lang='grc' dir='ltr'><strong>ἐάν</strong></span> <span class='ocrx_word' id='word_1_304' title='bbox 653 3101 712 3145; x_wconf 78' lang='grc' dir='ltr'><strong>ἐκ</strong></span> <span class='ocrx_word' id='word_1_305' title='bbox 750 3094 949 3144; x_wconf 78' lang='grc' dir='ltr'><em>τούτων</em></span> <span class='ocrx_word' id='word_1_306' title='bbox 988 3090 1095 3157; x_wconf 75' lang='grc' dir='ltr'><strong>ὦσι]</strong></span> <span class='ocrx_word' id='word_1_307' title='bbox 1134 3091 1236 3143; x_wconf 72' lang='grc' dir='ltr'><strong>κᾶν</strong></span> <span class='ocrx_word' id='word_1_308' title='bbox 1277 3100 1403 3162; x_wconf 74' lang='grc' dir='ltr'><em>γένει</em></span> <span class='ocrx_word' id='word_1_309' title='bbox 1448 3093 1679 3159; x_wconf 74' lang='grc' dir='ltr'><em>ἀπωτέρω</em></span> <span class='ocrx_word' id='word_1_310' title='bbox 1710 3095 2029 3162; x_wconf 72' lang='grc' dir='ltr'><em>τυγχάνωσιν</em></span> 
     </span>
     <span class='ocr_line' id='line_1_35' title="bbox 200 3171 383 3238; baseline 0 -13"><span class='ocrx_word' id='word_1_311' title='bbox 200 3171 383 3238; x_wconf 69' lang='grc' dir='ltr'><em>ὄντες.)</em></span> 
     </span>
    </p>

    <p class='ocr_par' dir='ltr' id='par_1_8' title="bbox 202 3263 2027 3407">
     <span class='ocr_line' id='line_1_36' title="bbox 345 3263 2027 3329; baseline 0.003 -21"><span class='ocrx_word' id='word_1_312' title='bbox 345 3263 541 3324; x_wconf 79' lang='lat' dir='ltr'><strong>„Quum</strong></span> <span class='ocrx_word' id='word_1_313' title='bbox 575 3263 652 3311; x_wconf 83' lang='lat' dir='ltr'><strong>lex</strong></span> <span class='ocrx_word' id='word_1_314' title='bbox 680 3265 812 3328; x_wconf 82' lang='lat' dir='ltr'><strong>ipsa,</strong></span> <span class='ocrx_word' id='word_1_315' title='bbox 842 3282 965 3329; x_wconf 83' lang='lat' dir='ltr'><strong>quae</strong></span> <span class='ocrx_word' id='word_1_316' title='bbox 995 3263 1126 3328; x_wconf 84' lang='lat' dir='ltr'><strong>apud</strong></span> <span class='ocrx_word' id='word_1_317' title='bbox 1153 3264 1540 3313; x_wconf 77' lang='lat' dir='ltr'><strong>Demosthenem</strong></span> <span class='ocrx_word' id='word_1_318' title='bbox 1567 3271 1664 3324; x_wconf 72' lang='lat' dir='ltr'><strong>est,</strong></span> <span class='ocrx_word' id='word_1_319' title='bbox 1695 3263 1752 3311; x_wconf 81' lang='lat' dir='ltr'><strong>de</strong></span> <span class='ocrx_word' id='word_1_320' title='bbox 1781 3265 2027 3313; x_wconf 89' lang='lat' dir='ltr'><strong>sororibus</strong></span> 
     </span>
     <span class='ocr_line' id='line_1_37' title="bbox 202 3345 2026 3407; baseline -0.001 -12"><span class='ocrx_word' id='word_1_321' title='bbox 202 3364 301 3396; x_wconf 91' lang='lat' dir='ltr'><strong>non</strong></span> <span class='ocrx_word' id='word_1_322' title='bbox 329 3345 530 3394; x_wconf 87' lang='lat' dir='ltr'><strong>seorsim</strong></span> <span class='ocrx_word' id='word_1_323' title='bbox 558 3362 802 3407; x_wconf 78' lang='lat' dir='ltr'><strong>exponere</strong></span> <span class='ocrx_word' id='word_1_324' title='bbox 831 3347 1066 3406; x_wconf 83' lang='lat' dir='ltr'><strong>videatur⁷</strong></span> <span class='ocrx_word' id='word_1_325' title='bbox 1096 3347 1135 3394; x_wconf 93' lang='lat' dir='ltr'>B</span> <span class='ocrx_word' id='word_1_326' title='bbox 1152 3364 1227 3395; x_wconf 93' lang='lat' dir='ltr'><strong>un</strong></span> <span class='ocrx_word' id='word_1_327' title='bbox 1244 3365 1265 3395; x_wconf 87' lang='lat' dir='ltr'><strong>s</strong></span> <span class='ocrx_word' id='word_1_328' title='bbox 1282 3363 1305 3395; x_wconf 84' lang='lat' dir='ltr'><strong>e</strong></span> <span class='ocrx_word' id='word_1_329' title='bbox 1322 3366 1353 3394; x_wconf 83' lang='lat' dir='ltr'><strong>n</strong></span> <span class='ocrx_word' id='word_1_330' title='bbox 1371 3347 1384 3394; x_wconf 92' lang='lat' dir='ltr'><strong>i</strong></span> <span class='ocrx_word' id='word_1_331' title='bbox 1403 3365 1468 3396; x_wconf 88' lang='lat' dir='ltr'><strong>us</strong></span> <span class='ocrx_word' id='word_1_332' title='bbox 1495 3347 1653 3396; x_wconf 87' lang='lat' dir='ltr'><strong>locum</strong></span> <span class='ocrx_word' id='word_1_333' title='bbox 1682 3347 1747 3394; x_wconf 89' lang='lat' dir='ltr'><strong>ita</strong></span> <span class='ocrx_word' id='word_1_334' title='bbox 1774 3348 2026 3396; x_wconf 85' lang='lat' dir='ltr'><strong>restituen-</strong></span> 
     </span>
    </p>
   </div>
  </div>
 </body>
</html>
