2161 3673
851 208 1223 242 MAGISTRATUS.
1882 193 1950 239 47

116 331 478 397 δικαστηρίων,
529 327 709 396 ἄρχειν
748 330 1157 395 δοκιμασθέντας
1196 338 1251 382 ἐν
1288 332 1362 399 τῷ
1400 330 1734 396 δικαστηρίῳ,
1784 330 1947 390 ἐπειδὴ

115 420 206 466 καὶ
231 417 283 465 αἱ
309 419 559 479 κληρωταὶ
587 412 741 479 ἀρχαὶ
768 411 871 463 οὐκ
898 412 1239 480 ἀδοκίμαστοι
1278 412 1406 464 ἀλλὰ
1434 412 1829 478 δοκιμασθεῖσαι
1856 410 1949 478 ἄρ-

108 518 278 564 χουσι.
914 501 1167 563 (Aeschin.
1195 503 1245 551 in
1271 501 1579 568 Ctesiphont.
1608 497 1805 566 §.14.).

974 596 1088 644 174.

256 679 598 743 MagistratuS‚
641 679 723 745 qui
762 678 934 745 populi
961 680 1196 743 suffragio
1225 686 1451 729 creantur
1476 687 1524 729 et
1549 678 1758 745 publicis
1788 677 1944 744 operi-

112 763 203 812 bus
227 762 464 828 praefecti
490 769 538 811 et
564 778 748 824 omneS,
765 769 1007 827 quotquot
1033 763 1230 829 aliquid,
1248 763 1378 830 quod
1405 763 1615 812 civitatis
1629 762 1705 823 sit,
1734 767 1949 810 tractant

113 846 241 896 ultra
266 845 468 907 triginta
495 845 626 906 dies,
667 853 715 895 et
741 845 1035 912 quicumque
1067 845 1461 912 jurisdictionem
1497 845 1809 912 acceperint,
1848 861 1948 894 ma-

110 928 321 993 gistratu
357 928 626 993 fungantur
664 935 926 995 postquam
962 929 1013 977 in
1051 928 1159 978 foro
1185 928 1411 995 judiciali
1438 928 1702 996 approbati
1728 927 1851 988 sint,
1890 927 1950 975 si-

112 1012 311 1078 quidem
348 1029 410 1062 ne
448 1012 481 1060 ii
519 1012 720 1078 quidem
757 1013 932 1078 quibus
974 1013 1146 1062 sortito
1184 1012 1473 1076 magistatus
1513 1012 1812 1072 obveniunt,
1853 1010 1947 1058 nisi

112 1095 246 1161 prius
273 1096 536 1162 approbati
563 1096 684 1156 sint,
724 1095 1067 1160 magistratum
1091 1102 1283 1159 gerunt.

255 1273 541 1334 Δοκιμασία
569 1269 624 1320 δέ
645 1275 782 1320 ἐστιν
807 1266 833 1329 ἦ
861 1267 994 1318 κατὰ
1033 1268 1135 1320 τῶν
1175 1266 1442 1333 ἀρχόντων
1480 1273 1722 1329 ἐξέτασις,
1765 1272 1812 1319 εἰ
1836 1275 1946 1319 ἐπι-9

114 1350 296 1412 τήδειοί
322 1356 415 1402 εἰσι
443 1357 783 1417 προΐστασθαι
810 1354 914 1402 τῶν
940 1352 1219 1401 πολιτικῶν
1245 1350 1565 1420 πραγμάτιον.

935 1437 1164 1499 (Bekker
1190 1437 1374 1489 Anecd.
1402 1455 1474 1501 gr.
1503 1439 1538 1489 Ι.
1568 1457 1614 1504 p.
1643 1438 1805 1498 2350.

970 1534 1085 1582 175.

251 1617 486 1667 Probatio
514 1624 679 1666 autem
705 1624 779 1666 est
804 1616 1178 1681 magistratuum
1217 1634 1450 1677 censura,
1492 1635 1610 1666 num
1649 1616 1813 1666 idonei
1853 1617 1950 1666 sint

112 1708 164 1750 ut
190 1701 399 1768 publicis
426 1701 574 1750 rebus
601 1701 965 1767 praeficiantur.

970 1796 1086 1843 176.

245 1875 690 1942 Ἀνακρινέτωσαν
730 1876 778 1925 δὲ
820 1875 938 1933 τους
976 1881 1079 1927 τῶν
1105 1875 1301 1925 κοινῶν
1328 1897 1374 1925 τι
1397 1879 1673 1939 μέλλοντας
1701 1876 1945 1936 διοικεῖν,

111 1963 182 2018 τίς
210 1965 310 2010 ἐστι
347 1959 440 2009 τὸν
478 1960 615 2010 ἴδιον
652 1959 868 2026 τρόπον,
910 1964 956 2010 εἰ
989 1965 1168 2030 γονέας
1209 1956 1268 2010 εὖ
1308 1968 1466 2019 ποιεῖ,
1508 1964 1554 2010 εἰ
1577 1959 1663 2018 τοὶς
1690 1965 1948 2027 στρατείας

110 2040 235 2109 ὑπὲρ
272 2044 354 2103 τῆς
394 2042 578 2100 πόλεως
615 2042 960 2109 ἐστράτευται,
1008 2048 1057 2094 εἰ
1090 2043 1152 2094 τοὶ
1190 2043 1305 2109 ἠρία
1350 2043 1557 2110 πατρῷά
1599 2049 1763 2103 ἐστιν,
1804 2048 1852 2094 εἰ
1888 2044 1947 2094 τά

111 2131 220 2186 τέλη
245 2131 384 2176 τελεῖ.
903 2132 1160 2193 (Dinarch.
1190 2150 1228 2181 c.
1259 2132 1579 2196 Aristogiton.
1607 2129 1805 2198 §.17.).

970 2227 1084 2277 176.

248 2308 324 2357 De
349 2309 407 2359 iis
434 2309 517 2375 qui
543 2327 707 2359 rerum
733 2309 1044 2376 publicarum
1070 2310 1252 2376 aliquid
1277 2310 1662 2361 administraturi
1688 2318 1828 2373 sunt,
1869 2312 1940 2360 in-

107 2391 327 2458 quiratur
353 2393 554 2458 quinam
591 2394 974 2460 uniuscujusque
1008 2396 1105 2444 sint
1131 2413 1293 2445 mores
1320 2396 1527 2462 privati,
1567 2412 1629 2444 an
1656 2396 1944 2462 parentibus

106 2475 411 2539 benefaciat,
440 2494 503 2526 an
529 2477 803 2541 legitimam
828 2496 918 2544 pro
946 2478 1143 2528 civitate
1171 2478 1391 2528 militarit
1416 2478 1665 2541 militiam,
1695 2497 1759 2528 an
1784 2480 1948 2545 patria

107 2559 150 2607 ei
175 2559 273 2608 sint
297 2568 643 2622 monumenta,
688 2578 750 2611 an
778 2561 964 2627 pendat
990 2562 1188 2612 tributa.

966 2658 1082 2706 177.

240 2734 368 2784 Ἐάν
393 2757 464 2793 τις
490 2740 669 2805 γονέας
689 2736 760 2801 μὴ
805 2737 1062 2803 θεραπεύῃ
1079 2776 1092 2797 ,
1136 2736 1591 2800 ἀποδοκιμάζουσα
1617 2732 1643 2797 ἦ
1674 2736 1814 2795 πόλις
1841 2736 1943 2787 οὐκ

106 2819 164 2885 ἑᾷ
190 2816 371 2885 ἄρχειν
396 2821 599 2870 τοῦτον.
653 2826 755 2870 Καὶ
796 2821 886 2872 ἐάν
924 2843 995 2880 τις
1033 2822 1136 2871 τῶν
1175 2826 1368 2890 γονέων
1399 2820 1799 2881 τελευτησάντων
1825 2820 1944 2879 τούς

104 2901 297 2965 τάφους
316 2902 386 2968 μὴ
415 2905 611 2969 κοσμῇ,
640 2910 729 2955 καὶ
756 2906 911 2955 τοῦτο
939 2905 1154 2966 ἐξετάζει
1184 2900 1209 2965 ἢ
1240 2903 1381 2961 πόλις
1407 2910 1462 2954 ἑν
1488 2912 1594 2962 ταῖς
1619 2906 1723 2955 τῶν
1750 2904 1943 2971 ἀρχόνἢ

105 3007 205 3036 των
232 2987 566 3050 δοκιμασίαις.
857 2992 1180 3058 (Xenophon.
1210 2991 1478 3040 Memorab.
1510 2992 1572 3053 II,
1602 2992 1648 3054 2,
1680 2992 1799 3052 13.).

247 3180 296 3230 Si
338 3183 445 3247 quis
484 3190 714 3249 parentes
753 3200 853 3233 non
892 3185 1044 3244 colat,
1086 3199 1198 3231 eum
1235 3182 1392 3248 rejicit
1430 3183 1601 3233 civitas
1638 3201 1729 3231 nec
1756 3184 1939 3248 patitur

106 3264 445 3327 magistratum
462 3266 612 3314 obire.
643 3266 807 3315 Etiam
827 3266 933 3327 hoc,
955 3266 994 3314 si
1022 3265 1127 3329 quis
1154 3273 1415 3330 parentum
1439 3276 1746 3316 mortuorum
1777 3267 1939 3331 sepul-

107 3346 222 3395 chra
248 3363 347 3397 non
377 3357 542 3406 ornet,
583 3349 861 3412 respublica
899 3348 1273 3410 magistratuum
1311 3350 1359 3398 in
1387 3350 1695 3399 examinibus
1724 3349 1938 3414 inquirit.
