2114 3642
840 264 904 298 DE
928 266 1248 300 FOEDERIBUS.
1852 254 1946 303 331

901 450 1082 515 Τμῆμα
1121 452 1178 501 ε’.

656 550 856 609 Περὶ
920 551 1423 612 συμμαχιῶν,

910 716 1163 766 Βροῖὶοὗ,

702 812 799 860 De
862 812 1364 863 foederibus,

268 965 287 985 a
965 932 1114 982 1292.

253 1010 347 1062 Ἐν
373 1015 658 1068 Πλαταιαῖς
685 1010 862 1068 πάντες
892 1010 1212 1073 οἶΠΕλληνες,
1246 1017 1511 1078 μέλλοντες
1541 1014 1947 1081 παραταξάμενοι

114 1094 376 1160 μάχεσθαι
405 1094 524 1162 πρὸς
549 1094 639 1155 τὴν
665 1096 853 1160 Ξέρξου
881 1095 1102 1160 δύναμιν
1121 1136 1132 1155 ,
1173 1097 1361 1146 τοῦτον
1387 1095 1478 1146 τὸν
1505 1095 1666 1162 ὅρκον
1701 1099 1942 1150 διδοῦσιν.

124 1179 238 1239 ,,()ὕ
269 1179 537 1245 ποιήσομαι
567 1183 674 1245 περὶ
702 1181 932 1235 πλείονος
957 1178 1015 1229 τὸ
1045 1180 1136 1239 ζῆν
1167 1180 1252 1240 τῆς
1291 1185 1605 1246 ἐλευθερίας9
1644 1180 1754 1231 οὐδ’
1793 1189 1948 1252 ἐγκα-

116 1267 339 1330 ταλείψω
377 1263 498 1322 τούς
539 1259 788 1332 ἡγεμόνας
829 1259 947 1312 οὔτε
987 1265 1174 1323 ζῶντας
1214 1259 1332 1314 οὔτε
1372 1262 1762 1324 ἀποθανόντας,
1817 1266 1944 1316 ἀλλὰ

118 1346 237 1403 τους
275 1352 332 1397 ἐν
368 1347 426 1411 τῇ
459 1347 600 1411 μάχῃ
639 1346 1024 1406 τελευτήσαντας
1061 1348 1163 1396 τῶν
1202 1347 1483 1412 συμμάχων
1523 1346 1747 1406 ἅπαντας
1780 1351 1947 1417 θάψω.

119 1422 218 1479 Koa*
244 1430 493 1495 κρατήσας
518 1432 589 1496 τῷ
618 1434 814 1492 πολέμω
840 1429 959 1487 τούς
985 1433 1277 1496 βαρβάρους
1316 1432 1419 1480 τῶν
1451 1434 1547 1494 μὲν
1579 1438 1949 1497 μαχεσαμένων

116 1510 240 1580 ὖπέρ
278 1515 362 1574 τῆς
388 1511 632 1571 ςΕλλάδος
672 1514 865 1563 πόλεων
905 1513 1154 1580 οὐδεμίαν
1192 1513 1479 1564 ἀνάστατον
1520 1515 1732 1576 ποιήσω,
1772 1516 1859 1573 τάς
1897 1517 1944 1567 δὲ

116 1597 177 1646 τοὶ
204 1599 295 1647 τοῦ
323 1597 587 1664 βαρβάρου
615 1603 947 1665 προελομένας
975 1594 1168 1654 ἁπάσας
1209 1597 1515 1647 δεκατεύσω·
1554 1605 1644 1647 καί
1673 1600 1773 1649 τῶν
1800 1602 1946 1664 ἱερῶν

116 1682 218 1730 τῶν
243 1686 630 1747 ἐμπρησθέντων
654 1685 742 1730 καὶ
769 1684 1201 1746 καταβληθέντων
1230 1677 1329 1730 ὑπὸ
1357 1682 1457 1729 τῶν
1483 1683 1754 1748 βαρβάρων
1796 1684 1947 1733 οὐδὲν

118 1763 508 1830 ἀνοικοδομήσω
548 1764 895 1823 παντάπασιν,
948 1762 1056 1812 ἀλλ’
1098 1760 1372 1829 ὑπόμνημα
1424 1772 1527 1823 τοῖς
1577 1771 1946 1834 ἑπιγινομείιόις

116 1848 245 1898 ἐάσω
273 1852 669 1898 καταλείπεσθαι
700 1849 781 1908 τῆς
807 1849 909 1896 τῶν
934 1846 1209 1913 βαρβάρων
1237 1847 1517 1914 άσεβείας.“
1646 1842 1648 1845 .

1036 1935 1276 2000 (Lycurg.
1305 1952 1343 1983 c.
1373 1935 1594 1984 Leocrat.
1625 1934 1666 2001 ξ.
1697 1937 1805 1996 81.)

956 2043 1104 2092 1292.

259 2137 405 2205 Apud
432 2140 658 2189 Plataeas
679 2139 856 2189 Graeci
882 2140 1098 2188 universi
1123 2139 1310 2206 proelio
1339 2142 1604 2206 pugnaturi
1633 2150 1804 2191 contra
1820 2143 1940 2191 Xer-

116 2221 189 2272 xis
216 2223 339 2283 vim,
379 2224 472 2273 hoc
490 2224 835 2289 jusjurandum
861 2225 1074 2273 invicem
1100 2223 1190 2272 sibi
1217 2224 1360 2272 dent:
1403 2224 1546 2286 „Non
1574 2226 1842 2274 anteferam
1870 2226 1938 2273 vi-

115 2313 215 2355 tam
240 2307 479 2369 libertati,
519 2324 675 2372 neque
715 2307 865 2356 duces
903 2307 1126 2356 deseram
1161 2324 1320 2372 neque
1361 2308 1583 2357 viventes
1622 2313 1783 2373 neque
1815 2326 1941 2356 mor-

114 2395 251 2452 tuos,
291 2390 377 2438 sed
410 2391 593 2453 socios,
633 2392 714 2456 qui
739 2391 790 2439 in
816 2392 1003 2458 proelio
1031 2392 1372 2451 occubuerint,
1413 2408 1582 2440 omnes
1609 2392 1795 2440 tumulo
1823 2409 1935 2440 con—

116 2472 241 2522 dam.
293 2472 365 2524 Ac
404 2474 443 2522 si
482 2474 643 2522 vicero
683 2474 872 2540 proelio
908 2474 1172 2537 barbaros,
1222 2493 1388 2524 earum
1426 2475 1643 2535 urbium,
1684 2492 1808 2539 quae
1848 2493 1937 2540 pro

117 2555 325 2605 Graecia
351 2556 665 2619 dimicarunt,
704 2558 890 2606 nullam
918 2566 1161 2621 evertam3
1200 2575 1282 2607 eas
1316 2575 1433 2606 vero
1463 2574 1584 2621 quae
1612 2575 1700 2622 pro
1726 2558 1936 2606 barbaro
1997 2615 2000 2619 1

114 2646 241 2689 stare
279 2640 558 2689 maluerunt
595 2657 765 2689 omnes
802 2640 1086 2704 decimab03
1125 2641 1518 2706 templorumque
1559 2659 1587 2688 a
1612 2640 1836 2689 barbaris
1864 2641 1936 2688 in-

114 2739 372 2772 censorum
399 2740 454 2771 ac
482 2723 782 2788 dejectorum
810 2723 994 2773 nullum
1021 2724 1181 2772 denuo
1210 2732 1456 2773 exstruam
1478 2723 1694 2784 omnino,
1724 2721 1807 2771 sed
1834 2741 1935 2771 mo-

113 2814 400 2856 numentum
426 2807 634 2873 posteris
660 2808 816 2856 sinam
842 2808 1053 2871 relinqui
1080 2807 1403 2856 barbarorum
1429 2806 1704 2871 impietatis.

957 2914 1104 2962 1293.

251 3005 510 3071 Δεδὸχθαι
559 3012 661 3063 τοῖς
711 3005 994 3072 συμμάχοις
1045 3003 1201 3054 ἅπασι
1241 3004 1422 3064 κοινήν
1460 3001 1643 3074 ἄγουσι
1694 3005 1932 3065 σύνοδον,

113 3086 373 3152 ἀποδεῖξαι
397 3089 489 3151 τήν
514 3090 682 3150 Λῆλον
708 3089 894 3140 κοινὸν
916 3096 1174 3155 ταμιεῖον,
1214 3093 1304 3137 καὶ
1341 3087 1401 3137 τά
1422 3089 1657 3155 χρήματα
1684 3089 1743 3138 τά
1773 3108 1933 3139 συνα-

111 3173 300 3242 γὸμενα
325 3178 393 3232 εἰς
418 3174 605 3233 ταύτην
629 3175 1004 3222 κατατίθεσθαι
1023 3189 1034 3200 ·
1073 3170 1192 3236 πρὸς
1233 3170 1283 3220 δὲ
1322 3170 1414 3221 τὸν
1451 3170 1551 3222 ἀπὸ
1585 3173 1689 3222 τῶν
1719 3173 1933 3238 Περσῶν

112 3252 525 3324 ὑποπτευόμενον
563 3256 784 3326 πόλεμον
819 3256 963 3316 τάξαι
1003 3254 1170 3320 φόρον
1206 3261 1311 3311 ταῖς
1353 3254 1519 3305 πόλεσι
1572 3256 1747 3313 πάσαις
1799 3254 1930 3304 κατά

114 3340 349 3407 δύναμιν,
377 3340 500 3391 ὥστε
527 3343 760 3410 γίνεσθαι
787 3338 844 3388 τὸ
874 3340 975 3388 πᾶν
1002 3335 1260 3402 ἄθροισμα
1287 3338 1546 3389 ταλάντων
1581 3342 1932 3393 πεντακοσίων

113 3428 505 3491 (τετρακοσίων)
533 3428 621 3474 καὶ
650 3422 905 3483 ἑξήκοντα.
1134 3425 1360 3485 (Diodor.
1390 3425 1536 3476 Sicul.
1566 3427 1652 3487 XI,
1682 3426 1786 3487 47.)
