2114 3642
482 197 546 228 DE
572 194 879 228 ADULTEmo.
908 206 950 212 -
980 194 1044 226 DE
1071 194 1479 228 MERoA'ronfflus.
1791 176 1886 224 301

70 328 271 375 εἰσιέναι
314 322 414 370 τῶν
453 318 647 368 παίδων
686 316 839 367 ἔνδον
885 314 1079 378 ὄντων,
1134 317 1225 368 ε’ἀν
1258 317 1326 383 μὴ
1368 317 1472 376 υἱὸς
1515 316 1826 367 διδασκάλου
1869 314 1896 375 ἢ

70 405 285 469 ἀδελφὸς
311 403 339 465 ἢ
369 399 621 470 θυγατρὸς
649 398 801 464 ἀνήρ·
839 398 930 450 ε’ἀν
957 399 1010 450 δέ
1033 422 1105 458 τις
1133 399 1264 467 παρὰ
1303 400 1443 450 ταῦτ’
1484 404 1642 463 εἰσίῃ,
1686 397 1896 463 θανάτῳ

71 487 374 555 ζημιούσθω.
404 489 505 536 Καὶ
533 487 580 534 οἱ
603 481 980 553 γυμνασιάρχαι
1006 493 1108 542 τοῖς
1139 481 1403 551 “Ερμαιόις
1423 482 1492 550 μὴ
1521 481 1744 534 ἐάτωσαν
1771 500 1896 549 συγ-

69 576 307 622 καθιέναι
341 569 533 634 μηδένα
571 567 674 617 τῶν
711 572 766 616 ἐν
805 561 979 634 ἡλικία
1017 566 1187 634 τρόπῳ
1220 567 1426 632 μηδενί·
1465 565 1558 617 ε’·οὶν
1584 566 1632 616 δὲ
1661 570 1893 629 ἐπιτρέπῃ

70 659 159 704 καὶ
179 653 250 720 μή
280 658 475 723 ἐξείργῃ
501 652 594 703 τοῦ
621 655 938 722 γυμνασίου,
980 655 1160 717 ἔνοχος
1201 655 1324 703 ἔστω
1363 650 1390 703 ὁ
1421 650 1793 722 γυμνασιάρχης
1825 644 1897 716 τῷ

70 737 153 798 τῆς
181 742 462 804 ἐλευθέρων
487 735 692 801 φθορᾶς
717 734 875 803 νόμῳ.

434 824 566 885 (Lex
594 822 791 873 Solonis
819 822 949 889 apud
976 821 1206 872 Aeschin.
1234 840 1274 872 c.
1304 822 1548 872 Timarch.
1575 819 1618 888 ξ.
1650 822 1756 883 12.)

916 929 1065 980 1183.

210 1027 480 1075 Puerorum
517 1026 735 1089 magistri
775 1025 917 1075 ludos
957 1032 1070 1076 ante
1111 1026 1225 1076 solis
1254 1031 1414 1075 ortum
1440 1042 1501 1073 ne
1528 1024 1814 1090 aperiunto,
1854 1028 1902 1070 et

69 1117 182 1160 ante
210 1126 435 1159 occasum
459 1109 636 1158 iterum
660 1105 951 1176 [claudunto.
1003 1107 1174 1175 Neque
1201 1109 1273 1158 fas
1300 1116 1404 1158 esto
1432 1108 1515 1169 iis,
1556 1108 1636 1173 qui
1662 1106 1902 1174 puerilem

70 1200 282 1245 aetatem
309 1200 650 1254 excesserunt,
692 1211 749 1242 eo
777 1190 991 1257 ingredi,
1033 1191 1149 1241 dum
1188 1191 1326 1258 pueri
1366 1199 1479 1240 sunt
1509 1192 1665 1253 intus,
1706 1197 1901 1256 praeter

71 1278 225 1327 filium
251 1276 472 1340 magistri
500 1283 583 1326 aut
609 1277 811 1326 fratrem
837 1283 921 1325 aut
945 1293 1211 1340 generum:
1250 1275 1325 1324 his
1353 1275 1569 1340 exceptis
1597 1276 1634 1324 si
1663 1274 1769 1339 quis
1796 1273 1898 1322 fue-

73 1360 134 1409 rit
159 1361 438 1425 ingressus,
479 1360 639 1425 capite
667 1360 943 1408 mulctator.
996 1359 1059 1407 Et
1093 1357 1503 1424 gymnasiarchae
1531 1356 1901 1406 Mercurialibus

70 1443 205 1492 nullo
242 1442 389 1492 modo
429 1459 709 1508 quenquam
748 1442 969 1491 adultum
1006 1441 1197 1506 ingredi
1237 1459 1346 1490 cum
1374 1441 1538 1506 pueris
1565 1440 1788 1488 sinunto:
1829 1438 1902 1486 sin

70 1526 346 1592 permiserit
372 1542 530 1590 neque
555 1526 813 1591 gymnasio
853 1523 1138 1585 excluserit,
1179 1530 1404 1574 teneatur
1429 1522 1808 1591 gymnasiarcha
1833 1520 1901 1570 le-

70 1626 133 1675 ge
161 1609 220 1658 de
248 1608 528 1675 corruptela
553 1608 881 1673 ingenuorum
907 1625 1184 1674 puerorum.

212 1813 397 1868 Χιλίας
425 1809 721 1875 ζημιοῦνται
751 1812 801 1859 αἱ
830 1807 961 1858 κατά
990 1807 1077 1867 τὰς
1114 1804 1271 1865 ὁδους
1299 1805 1623 1873 ἀκοσμοῦσαι
1652 1813 1901 1874 γυναῖκες.

1179 1894 1405 1955 (Suidast
1446 1889 1524 1940 ὅτι
1544 1893 1760 1955 χιλίας.)

216 2064 349 2113 Mille
376 2064 618 2114 drachmis
644 2064 938 2114 mulctantur
964 2064 1221 2126 mulieres,
1253 2080 1376 2129 quae
1404 2080 1579 2129 parum
1606 2061 1825 2111 modeste
1852 2061 1903 2109 in

76 2148 275 2215 publico
302 2155 574 2198 versantur.

884 2286 1108 2346 Μέροςί.

718 2369 893 2430 Περὶ
943 2368 1269 2429 ἐμπόρων.

876 2528 1000 2570 Pars
1041 2529 1107 2571 10.

654 2613 741 2655 De
792 2612 1328 2657 mercatoribus.

227 2802 332 2852 Τὸν
358 2801 825 2868 ἐπιδεδανεισμένον
851 2809 911 2854 ἐκ
938 2804 1029 2854 τοῦ
1058 2808 1306 2870 ἐμπορίου
1334 2801 1493 2852 πολλοὶ
1514 2800 1774 2866 χρήματα,
1814 2802 1903 2846 καὶ

80 2895 183 2944 τοῖς
212 2887 493 2943 δανεισταῖς
520 2884 582 2935 οὐ
612 2886 939 2951 παρασχόντα
977 2885 1065 2944 τοὶς
1092 2882 1391 2946 ὖποθὴκας,
1436 2884 1645 2950 θανάτῳ
1674 2883 1903 2948 ζημιοῦν,

82 2974 474 3040 εἰσαγγελθέντα
500 2975 556 3020 ἐν
580 2969 653 3036 τῷ
679 2968 832 3036 δήμῳ.
916 2974 1193 3034 (Demosth.
1223 2973 1283 3022 ad
1311 2971 1591 3021 Phormion.
1621 2971 1764 3030 922.)

918 3092 940 3139 1
956 3091 1066 3141 185.

225 3177 321 3236 Qui
346 3194 371 3226 e
397 3183 611 3226 mercatu
649 3192 881 3239 magnam
919 3175 1179 3241 pecuniam
1213 3191 1359 3241 super
1385 3174 1519 3241 prius
1546 3173 1777 3224 creditam
1802 3190 1902 3220 mu-

84 3266 247 3308 tuatus
285 3260 428 3309 fuerit
465 3269 513 3309 et
550 3258 870 3309 creditoribus
904 3260 1114 3325 pignora
1140 3276 1237 3307 non
1266 3258 1565 3320 exhibuerit,
1603 3256 1762 3322 capite
1789 3271 1900 3304 con-

86 3341 340 3392 demnetur
366 3343 685 3394 denunciatus
713 3342 842 3408 apud
869 3341 1123 3408 populum,
