2114 3642
214 229 315 281 512
663 243 1071 278 COMMENTARIUS
1099 242 1169 273 An
1196 240 1276 274 738.
1304 243 1385 277 742.
1415 241 1496 275 743.
1525 242 1604 276 744.

214 393 333 425 vero
370 392 518 440 quam
562 378 848 438 comparata
887 377 1016 418 esset
1060 370 1252 420 crimini
1292 370 1540 433 defensio,
1584 370 1787 438 impium
1827 371 1973 437 plane
2010 379 2057 421 et

215 459 478 525 profanum
506 458 608 507 fore
631 454 871 520 judicium
899 453 1122 502 arbitrati
1149 462 1276 503 sunt.

995 593 1095 646 Ad
1125 595 1275 647 738.

360 708 528 756 Voluit
553 706 832 770 legislator,
873 714 925 754 ut
958 706 1152 772 judices
1180 706 1239 755 de
1267 707 1497 755 omnibus
1524 705 1729 756 reddere
1757 712 1961 771 possent
1979 706 2058 771 ju-

217 793 421 852 dicium,
463 797 511 838 et
549 806 612 838 ne
652 808 750 856 qua
787 791 1022 839 memoria
1062 789 1398 852 elaberentur,
1440 807 1565 839 neve
1601 790 1698 838 illis
1725 790 2062 854 imponeretur

217 875 295 924 vel
321 875 383 922 ab
414 881 579 922 actore
608 874 688 922 vel
715 891 743 921 a
769 891 881 934 reo,
911 881 958 922 et
985 890 1118 923 nova
1144 874 1377 935 crimina,
1407 891 1616 938 quorum
1642 891 1742 922 non
1771 880 1899 921 esset
1925 889 2061 920 men-

216 959 283 1006 tio
310 958 361 1004 in
389 956 558 1006 libello
586 957 919 1017 accusatorio,
950 964 1034 1004 aut
1060 956 1419 1021 affingerentur
1446 964 1530 1006 aut
1556 964 1923 1005 excusarentur.
1963 956 2061 1004 De-

215 1040 402 1088 bebant
428 1041 556 1088 enim
582 1040 651 1089 illi
671 1040 916 1105 judicium
942 1039 1150 1090 reddere
1178 1040 1237 1089 de
1264 1041 1321 1089 iis
1350 1048 1559 1103 tantum,
1583 1057 1790 1104 quorum
1816 1040 1867 1088 in
1894 1038 2062 1087 libello

216 1124 545 1174 accusabatur
571 1141 696 1172 reus.

1000 1192 1100 1246 Ad
1129 1195 1281 1247 742.

360 1303 540 1353 Pollux
567 1303 865 1366 VIII‚123:
913 1300 1119 1363 Ψήφους
1147 1300 1293 1364 εἶχον
1312 1301 1517 1364 χαλκᾶς
1546 1298 1669 1358 δύο,
1696 1303 2066 1398 τετρυπημένηι

219 1407 311 1434 και
339 1384 658 1451 ἀτρύπητον
699 1391 789 1434 καὶ
831 1384 1028 1449 κάδον,
1070 1406 1110 1450 ῳ
1149 1384 1310 1450 κημὸς
1349 1390 1602 1443 ἐπέκειτο,
1645 1384 1708 1433 δι’
1737 1379 1801 1433 οὗ
1844 1387 2064 1433 καθίετο

220 1466 246 1530 ἦ
277 1470 475 1535 ψῆφος·
515 1465 672 1526 αὖθις
699 1469 749 1518 δὲ
780 1469 874 1518 δύο
905 1468 1178 1534 ἀμφορεῖς·
1219 1491 1246 1519 ο
1270 1472 1369 1534 μὲν
1388 1468 1655 1532 χαίκοῦς,
1699 1489 1726 1517 ο
1757 1467 1808 1518 δὲ
1835 1467 2064 1528 ξύλινος·

221 1550 248 1603 ὁ
271 1557 369 1617 μὲν
393 1552 599 1618 κύριος,
642 1549 668 1603 ὂ
711 1553 762 1603 δὲ
803 1550 1024 1619 ἄκυρος·
1062 1553 1134 1618 τῷ
1177 1553 1225 1603 δὲ
1264 1553 1454 1619 χαλκῷ
1497 1553 1624 1612 ἐπῆν
1656 1556 1913 1617 ἐπίθημα,
1947 1552 2068 1616 μιᾶς

222 1637 403 1704 ψήφου
433 1635 614 1701 χώραν
653 1638 790 1700 {you
846 1640 1104 1701 (Calculos
1144 1639 1268 1688 duos
1307 1640 1561 1688 habebant
1601 1657 1807 1698 aeneos,
1847 1640 2067 1705 perfora-

220 1732 323 1773 tum
351 1730 399 1772 et
424 1741 524 1772 non
551 1722 885 1788 perforatum3
926 1730 974 1772 et
1001 1740 1202 1784 urnam,
1231 1723 1309 1771 cui
1336 1740 1504 1772 camus
1531 1723 1789 1789 impositus
1818 1730 1949 1783 erat,
1981 1739 2069 1787 per

222 1824 368 1871 quem
394 1805 609 1855 calculus
635 1807 1006 1856 immittebatur.
1033 1806 1226 1856 Deinde
1255 1814 1303 1854 et
1330 1806 1451 1856 duas
1479 1807 1733 1855 habebant
1757 1823 1918 1868 urnas,
1950 1823 2066 1869 qua-

222 1908 330 1939 rum
355 1891 480 1939 haec
507 1890 704 1954 quidem
731 1907 917 1951 aenea,
958 1890 1113 1939 altera
1139 1907 1257 1939 vero
1283 1891 1450 1954 lignea
1477 1898 1607 1953 erat3
1647 1900 1695 1939 et
1721 1890 1844 1940 haec
1871 1890 2068 1955 quidem

223 1974 557 2023 condemnans
574 2013 584 2033 ‚
623 1974 708 2024 illa
733 1991 851 2023 vero
878 1974 1198 2024 absolutoria.
1253 1975 1451 2025 Aeneae
1481 1982 1645 2023 autem
1673 1975 1961 2041 operculum
1987 1992 2064 2023 su·

223 2058 535 2124 penjacebat,
577 2059 723 2107 unius
751 2058 928 2107 calculi
956 2058 1179 2108 foramen
1206 2058 1439 2118 habens.)

365 2141 509 2189 Prius
536 2158 689 2190 unum
715 2148 905 2191 tantum
931 2159 1018 2190 vas
1052 2150 1180 2205 erat,
1222 2150 1275 2191 ut
1314 2150 1523 2208 apparet
1562 2159 1586 2190 e
1624 2141 1833 2191 Scholiis
1873 2142 1934 2191 ad
1962 2141 2067 2192 Ari-

225 2224 481 2291 stophanis
508 2225 714 2289 Equites
741 2243 786 2274 v.
819 2225 970 2274 1150.

1009 2318 1108 2372 Ad
1137 2320 1289 2373 743.

369 2429 546 2479 Pollux
574 2429 712 2491 VIII,
743 2429 975 2478 16——172
1016 2427 1169 2476 πάλαι
1202 2430 1463 2493 χοιρίναις
1505 2425 1619 2477 ἀντὶ
1660 2427 1850 2495 ψήφων
1876 2427 2070 2493 ἐχρῶν-

225 2533 314 2571 το,
355 2513 498 2575 αἵπερ
527 2507 656 2571 ἦσαν
681 2510 872 2580 κόγχαι
906 2511 1204 2561 θαλάττιαι·
1244 2507 1400 2568 αὖθις
1441 2512 1489 2561 δι’
1531 2516 1620 2561 καὶ
1653 2513 1858 2575 χαλκᾶς
1899 2514 2071 2571 ἐποιή-

229 2615 384 2646 σαντο
411 2592 549 2644 κατοί
574 2598 819 2660 μίμησιν,
859 2599 950 2644 καὶ
991 2595 1267 2646 σπὸνδυλοι
1311 2595 1359 2644 δὲ
1404 2596 1692 2646 ἐκαλοῦντο
1732 2600 1781 2646 αἱ
1823 2597 1988 2663 ψῆφοι
2019 2598 2069 2644 αἱ

230 2681 522 2728 δικαστικαὶ
541 2718 552 2738 ,
574 2679 785 2743 χαλκοῦ
816 2684 1157 2745 πεποιημέναι.
1211 2682 1370 2744 (Olim
1398 2683 1671 2745 choerinis,
1700 2701 1824 2749 quae
1853 2683 2070 2733 conchae

230 2767 446 2816 marinae
487 2777 650 2832 erant,
699 2788 789 2835 pro
830 2771 1028 2819 calculis
1067 2770 1351 2819 utebantur.
1415 2769 1608 2819 Deinde
1649 2787 1855 2831 aeneos,
1896 2786 2069 2817 secun-

231 2849 345 2897 dum
372 2851 544 2901 harum
575 2852 825 2919 exemplar
852 2854 1089 2903 fecerunt.
1118 2853 1249 2901 Tum
1277 2859 1324 2901 et
1350 2852 1434 2902 tali
1464 2853 1770 2903 vocabantur
1798 2852 1970 2902 calculi
2001 2853 2070 2901 fo-

231 2949 422 2995 renses,
464 2942 511 2985 et
538 2952 598 2986 ex
626 2953 737 2986 aere
765 2937 1032 2997 fabricati.)

1012 3052 1111 3105 Ad
1139 3054 1291 3106 744.

375 3146 425 3194 Si
464 3148 626 3213 plures
674 3153 870 3201 fuerant
908 3159 1072 3217 partes
1113 3150 1427 3200 adversariae
1468 3168 1492 3199 e
1523 3150 1725 3199 diversis
1757 3151 1884 3216 juris
1920 3150 2071 3199 titulis

231 3227 508 3293 litiganteS,
549 3241 621 3281 tot
647 3252 851 3283 numero
878 3235 1066 3283 sitellae
1094 3234 1441 3300 ponebantur,
1484 3240 1603 3297 quot
1630 3241 1769 3282 eiant
1796 3242 1961 3299 partes
1988 3234 2071 3283 ad-

233 3312 503 3372 versariae,
544 3324 593 3362 ut
634 3326 842 3383 apparet
881 3335 905 3366 e
946 3317 1278 3367 Demosthene
1319 3317 1429 3367 adv.
1467 3317 1790 3365 Macartatum
1830 3336 1876 3382 p.
1911 3317 2070 3364 1053:

234 3391 501 3441 καδίσκων
529 3397 776 3459 τεττάρων
802 3403 1056 3448 τεθέντων
1082 3397 1214 3447 κατὰ
1244 3397 1335 3447 τὸν
1362 3399 1540 3463 νόμον.
