2114 3642
465 243 872 277 coMMENTAnws
900 245 968 277 AD
997 244 1078 279 730.
1109 242 1189 278 733.
1218 243 1298 278 735.
1327 243 1410 277 ⁹736.
1441 241 1521 277 737.
1804 229 1898 276 511

845 379 944 432 Ad
973 382 1012 432 7
1017 380 1123 434 30.

206 489 353 557 Apud
379 491 628 539 Romanos
655 490 764 553 lege
794 490 965 540 Cincia
992 497 1189 540 cautum
1217 501 1346 554 erat,
1386 509 1447 542 ne
1476 493 1583 557 quis
1612 492 1675 541 ob
1704 508 1901 540 causam

67 574 305 623 orandam
332 574 591 640 pecuniam
617 572 863 622 donumve
891 574 1151 639 acciperet.
1194 574 1423 634 (Tacit.
1457 574 1544 624 An
1559 575 1679 624 nal.
1708 575 1794 623 XI.
1825 576 1897 633 5.)

843 724 940 777 Ad
974 726 1125 778 733.

205 835 567 885 Aeschines
607 835 670 883 in
709 833 1120 900 Ctesiphont.
1161 832 1205 899 ξ.
1240 835 1368 882 197:
1409 837 1466 883 In
1506 843 1604 885 tres
1631 843 1798 902 partes
1825 837 1894 886 di-

62 917 317 967 stribuitur
344 918 474 981 dies,
517 936 614 982 quo
653 918 781 967 actio
822 918 881 966 de
918 918 1128 968 decretis
1168 925 1340 967 contra
1366 919 1502 982 leges
1531 920 1672 969 factis
1698 921 1748 968 in
1769 920 1902 986 judi-

63 1001 193 1051 cium
218 1004 366 1052 venit.
419 1001 702 1052 Infunditur
729 1001 859 1050 enim
885 1003 1043 1068 prima
1080 1019 1208 1066 aqua
1245 1002 1546 1064 accusatori,
1584 1003 1805 1067 legibus,
1846 1005 1901 1052 li-

62 1085 241 1134 bertati
282 1085 495 1150 denique
534 1085 790 1151 populari3
829 1085 1047 1134 secunda
1086 1103 1168 1134 reo
1207 1085 1362 1149 iisque
1403 1085 1485 1149 qui
1522 1085 1571 1132 in
1612 1102 1714 1135 rem
1745 1087 1903 1152 ipsam

60 1168 196 1234 loqui
222 1170 424 1231 volunt3
464 1185 612 1233 quum
643 1185 761 1217 vero
789 1169 949 1234 prima
982 1169 1234 1218 sententia
1260 1186 1362 1217 non
1389 1169 1606 1217 solutum
1633 1169 1777 1218 fuerit
1802 1171 1902 1219 vio-

59 1252 269 1301 latarum
307 1254 474 1316 legum
512 1253 721 1312 crimen,
763 1252 909 1301 tertia
939 1252 1044 1316 jain
1083 1270 1211 1316 aqua
1250 1252 1345 1302 litis
1385 1252 1711 1301 aestimationi
1738 1253 1902 1302 infun-

61 1334 190 1384 ditur
216 1343 507 1400 vestraeque
534 1336 634 1385 irae
662 1334 1003 1398 magnitudini.

203 1430 276 1480 Cf.
306 1430 470 1479 Scliol.
498 1431 548 1479 in
573 1430 829 1480 Demosth.
859 1430 964 1480 fals.
994 1432 1143 1494 legat.
1162 1430 1277 1480 126.
1316 1429 1482 1479 Schol.
1510 1430 1560 1479 in
1585 1429 1902 1496 Aristophan.

65 1512 210 1566 Aves.
241 1513 391 1575 1694,
420 1514 470 1562 in
499 1514 694 1580 Vespas
721 1513 802 1563 93.

844 1629 943 1683 Au
972 1631 1123 1684 735.

205 1742 393 1806 Legem
421 1740 548 1790 hanc
575 1741 832 1808 composui
860 1759 920 1790 ex
947 1742 1021 1790 his
1047 1741 1398 1791 Demosthenis
1426 1741 1575 1789 locis:

203 1839 238 1887 I.
264 1838 314 1885 in
341 1837 577 1903 Stephan.
609 1836 771 1884 1103:
812 1836 932 1898 λαβὲ
961 1833 1149 1893 ταύτην
1175 1832 1267 1893 τὴν
1297 1837 1589 1899 μαρτυρίαν
1615 1837 1705 1881 καὶ
1734 1832 1899 1902 ἀνᾶγ’

64 1919 195 1965 νωθί
216 1938 330 1981 μοι,
360 1916 419 1965 σύ
450 1916 494 1964 δ’
522 1919 730 1982 ἐπίλαβε
756 1915 813 1965 τὸ
843 1915 993 1982 ὕδωρ.
1038 1920 1202 1986 (Cape
1231 1920 1324 1969 hoc
1354 1920 1687 1971 testimonium
1716 1928 1764 1968 et
1791 1921 1899 1986 lege

60 2003 204 2066 mihi3
242 2011 295 2051 tu
322 2010 482 2052 autem
512 2020 693 2067 aquam
719 2002 930 2063 inhibe.)

201 2098 327 2148 Adv.
356 2099 546 2147 Conon.
580 2098 742 2145 1268:
780 2099 882 2164 λέγ’
910 2094 1084 2152 αὐτοῖς
1121 2099 1330 2145 ταυτασὶ
1370 2094 1457 2153 τάς
1485 2099 1795 2161 μαρτυρίας,
1836 2096 1897 2146 σύ

60 2180 103 2228 δ’
144 2182 353 2245 ἐπίλαβε
391 2177 448 2228 τὸ
489 2175 640 2243 ὕδωρ.
696 2182 900 2242 (Recita
938 2183 995 2232 iis
1034 2183 1156 2232 haec
1190 2183 1498 2246 testimonia;
1537 2191 1587 2231 tu
1631 2200 1747 2232 vero
1784 2184 1898 2232 siste

59 2269 276 2332 aquam.)

839 2335 937 2389 Ad
967 2337 1118 2390 736.

199 2445 375 2496 Suidas
401 2465 437 2496 s·
468 2466 511 2494 V·
547 2442 664 2506 Ἐφ’
691 2440 860 2509 ὕδωρ.·
900 2449 958 2497 In
998 2449 1155 2498 causis
1195 2465 1320 2512 quae
1355 2447 1416 2496 ad
1444 2446 1753 2513 clepsydram
1780 2464 1893 2512 age-

57 2531 238 2579 bantur
265 2537 393 2578 sorte
423 2530 597 2594 aliquis
625 2531 1040 2593 constituebatur,
1081 2532 1163 2596 qui
1192 2533 1297 2597 ejus
1326 2531 1393 2579 rei
1423 2547 1586 2578 curam
1612 2539 1822 2594 gereret.

199 2624 337 2673 Idem
363 2644 398 2672 s.
426 2644 470 2673 v.
499 2622 588 2670 εἴτ’
616 2627 695 2685 ἐφ’
724 2619 861 2687 ὕδωρ
888 2622 1081 2683 κακός,
1122 2626 1170 2674 id
1198 2634 1296 2687 cst,
1327 2627 1405 2674 vel
1433 2623 1492 2673 ad
1519 2643 1698 2689 aquam
1726 2627 1895 2677 malus,

56 2708 327 2757 Proverbio
354 2708 532 2756 dicitur
560 2708 617 2756 de
644 2708 974 2758 infortunatis.
1013 2711 1070 2759 In
1089 2709 1290 2776 judiciis
1320 2708 1450 2756 enim
1478 2708 1765 2758 vilissimum
1793 2727 1895 2760 mu-

56 2811 147 2842 nus
175 2798 305 2853 erat,
345 2808 525 2855 aquam
551 2791 857 2855 litigantibus
884 2792 1124 2842 dimetiri:
1165 2793 1329 2856 itaque
1370 2808 1571 2857 operam
1599 2809 1737 2842 suam
1763 2811 1894 2842 com-

55 2875 326 2926 modabant
352 2875 510 2923 omnis
538 2874 821 2925 hereditatis
848 2883 1080 2928 exsortes

838 3029 936 3084 Ad
965 3032 1116 3084 737.

198 3138 400 3190 Lucian.
429 3140 489 3189 de
517 3140 763 3189 calumnia
783 3141 836 3188 8:
865 3142 1018 3191 Solon
1046 3148 1093 3189 et
1119 3142 1283 3190 Draco
1304 3140 1628 3205 jurisjurandi
1655 3141 1891 3204 religione

57 3221 427 3271 obstrinxerunt
454 3223 649 3289 judices
677 3224 737 3272 ad
765 3225 985 3273 similiter
1012 3231 1246 3286 utrosque
1275 3223 1572 3285 audiendos,
1615 3225 1891 3287 aequalem-

58 3321 154 3368 que
181 3304 255 3353 his
283 3307 364 3369 qui
388 3306 677 3372 judicantur
704 3307 1017 3356 tribuendam
1044 3306 1440 3355 benevolentiam
1457 3344 1470 3368 ,
1511 3307 1668 3356 donec
1696 3323 1892 3371 compa-

58 3393 164 3435 rata
189 3388 389 3437 alterius
415 3406 588 3451 causa,
633 3389 712 3438 vel
752 3390 964 3439 deterior
996 3390 1150 3438 altera
1177 3389 1255 3436 vel
1280 3389 1452 3438 melior
1478 3397 1739 3456 appareat:
1779 3397 1892 3437 ante
