2114 3642
135 176 234 222 536
693 183 1098 219 FOMMENTARIUS
1136 184 1194 213 m
1223 182 1304 215 905.
1333 180 1414 215 909.

278 317 421 383 Apud
448 317 713 364 Thebanos
742 309 1137 376 praecipiebatur
1175 309 1444 358 artificibus
1472 319 1576 357 tum
1604 310 1841 374 pingendi
1869 317 1974 357 tum

133 400 352 463 fingendi
380 400 574 465 peritis,
614 405 664 443 ut
702 412 867 442 rerum
906 394 1090 440 formas
1129 392 1406 441 honestiore
1446 393 1593 440 modo
1629 393 1972 457 exprimerent.

134 483 198 531 Iis
225 490 388 531 autem
405 519 417 534 ,
446 483 537 544 qui
556 496 636 526 eas
664 479 713 525 in
742 477 955 526 deterius
983 484 1067 524 aut
1095 477 1340 538 fingerent
1368 483 1450 523 aut
1477 476 1761 539 pingerent,
1790 475 1975 522 mulcta

131 565 282 630 ipsius
310 565 530 629 picturae
559 561 773 626 pretium
798 559 1123 622 irrogabatur.
1153 559 1224 618 (A
1243 576 1266 607 e
1283 559 1326 606 li
1343 576 1431 607 an.
1451 559 1589 606 Var.
1620 557 1764 605 hist.
1794 558 1881 616 IV,
1899 559 1973 616 4.)

275 656 677 706 Lacedaemoniis
705 663 867 702 autem
907 662 1060 702 artem
1101 653 1346 716 attingere
1375 653 1625 701 sordidam
1651 670 1752 699 non
1780 652 1976 700 licebat.

138 746 322 803 Τέχνης
350 735 587 802 ἅψασθαι
614 733 886 799 βαναύσου
916 732 1018 782 οὐκ
1047 735 1217 791 ἔξεστι.
1262 735 1617 796 (Plutarch.
1647 735 1978 783 Instituta

134 828 359 875 Lacon.
390 822 498 881 41.)

276 921 379 968 Imo
409 918 642 968 Aelianus
672 917 745 976 (V
763 935 790 964 a
805 936 840 964 r.
871 915 1013 963 hist.
1043 915 1129 975 VI,
1159 916 1203 975 6,
1236 915 1291 974 1)
1323 915 1464 974 dicit,
1504 923 1657 962 artem
1683 914 1975 962 illiberalem

132 1004 210 1051 vel
240 1020 410 1059 nosse,
451 1001 571 1049 nulli
600 1001 704 1048 viro
734 1000 1129 1048 Lacedaemonio
1158 1000 1352 1048 licebat.

275 1097 422 1145 Teste
461 1095 715 1144 Herodoto
756 1103 920 1142 autem
961 1094 1074 1153 (VI,
1112 1095 1204 1153 60)
1246 1094 1623 1142 Lacedaemonii
1663 1093 1756 1141 hoc
1796 1093 1981 1142 habent

132 1198 391 1230 commune
422 1197 532 1227 cum
561 1177 848 1243 Aegyptiis,
890 1178 1023 1241 quod
1063 1177 1195 1241 apud
1236 1176 1344 1224 illos
1385 1193 1654 1242 praecones
1680 1186 1728 1225 et
1754 1177 1980 1224 tibicines

135 1273 180 1313 et
206 1265 350 1328 coqui
388 1263 439 1311 in
480 1262 660 1327 patrias
702 1269 831 1308 artes
858 1261 1155 1321 succedunt:
1197 1269 1243 1308 et
1270 1261 1451 1308 tibicen
1484 1261 1610 1308 filius
1639 1269 1713 1309 est
1739 1260 1979 1322 tibicinis,

134 1365 321 1412 coquus
349 1346 520 1411 coqui,
562 1362 740 1410 praeco
769 1344 1041 1409 praeconis.

276 1442 430 1489 Porro
471 1439 845 1489 Lacedaemonii
886 1439 1203 1487 inhonestum
1245 1438 1490 1486 duxerunt
1528 1438 1632 1487 aliis
1668 1457 1871 1504 operam
1897 1457 1980 1488 na-

134 1543 249 1574 vare
277 1525 463 1573 artibus
494 1541 639 1587 quam
671 1522 731 1570 ad
766 1541 842 1571 res
883 1521 1082 1570 bellicas
1122 1522 1511 1586 pertinentibus,
1553 1531 1599 1570 et
1627 1530 1886 1586 quaestum
1912 1524 1981 1572 fa·

134 1627 243 1658 cere
273 1608 517 1671 Spartano
546 1600 834 1654 indecorum
865 1615 980 1654 erat.
1008 1606 1108 1665 (Ni
1126 1605 1295 1653 colai
1324 1604 1607 1654 Damaso.
1635 1605 1808 1669 fragm.
1841 1606 1982 1666 114.)

280 1703 477 1767 Coquos
506 1720 624 1749 vero
653 1701 1031 1749 Lacedaemone
1061 1701 1324 1765 oportebat
1351 1717 1456 1749 esse
1484 1701 1633 1749 solius
1660 1701 1832 1749 carnis.
1886 1702 1982 1761 Qui

137 1796 331 1854 praeter
358 1786 475 1834 illud
504 1785 620 1850 quid
651 1786 894 1845 novisset,
939 1785 1226 1849 ejiciebatur
1254 1783 1460 1848 Sparta,
1502 1785 1702 1849 perinde
1732 1792 1877 1850 atque
1904 1802 1982 1834 ae-

137 1870 441 1936 grotantium
470 1869 677 1934 piacula.
720 1868 932 1928 (Aelia
950 1886 992 1916 n.
1021 1867 1160 1915 Var.
1189 1867 1285 1915 his
1305 1876 1332 1914 t..
1362 1867 1499 1928 XIV,
1530 1868 1575 1928 7,
1605 1869 1677 1928 5.)

281 1966 539 2031 Lycurgus
570 1964 717 2012 etiam
748 1963 976 2011 omnibus
1018 1961 1217 2010 fucandi
1259 1962 1623 2026 exornandique
1663 1963 1883 2027 corporis
1909 1981 1983 2011 ar-

141 2059 240 2097 tem
267 2047 622 2107 tractantibus,
658 2047 889 2111 Spartam
915 2047 1222 2093 inaccessam
1249 2062 1353 2093 esse
1374 2046 1546 2110 jussit,
1588 2046 1717 2110 quod
1745 2046 1884 2094 malis
1911 2064 1984 2094 ar-

138 2133 270 2181 tibus
297 2148 458 2179 mores
486 2136 878 2194 corrumperent.
934 2129 998 2188 (P
1015 2129 1029 2176 l
1044 2147 1075 2175 11
1092 2136 1152 2176 ta
1165 2146 1188 2175 r
1204 2145 1229 2176 c
1244 2128 1289 2176 h.
1331 2127 1419 2193 Ap
1438 2146 1465 2176 o
1482 2145 1512 2192 p
1527 2129 1558 2175 h
1575 2128 1638 2176 th
1655 2147 1678 2176 e
1694 2147 1727 2194 g
1743 2148 1804 2178 m.
1849 2130 1887 2178 L
1903 2148 1931 2179 a
1945 2147 1985 2179 e.

140 2216 416 2280 Lycurg.
448 2215 528 2262 19.
557 2231 601 2277 p.
631 2213 776 2273 228.)

284 2309 525 2359 Corinthii
553 2309 751 2356 minime
781 2308 1166 2356 contemnebant
1193 2324 1302 2367 eos,
1331 2308 1412 2372 qui
1439 2308 1664 2356 manibus
1692 2316 1820 2356 artes
1849 2326 1983 2358 exer-

142 2394 347 2454 cebant,
386 2392 436 2440 id
465 2401 538 2440 est
566 2387 686 2445 τοὺς
706 2393 1050 2453 χειροτέχνας.
1094 2390 1334 2450 (Herod
1353 2400 1427 2439 ot.
1456 2392 1517 2451 ll,
1552 2391 1691 2451 167.)

286 2489 432 2555 Apud
461 2488 717 2553 Sybaritas
745 2494 910 2535 autem
939 2487 976 2534 si
1004 2487 1111 2550 quis
1141 2504 1326 2549 coquus
1354 2493 1438 2533 aut
1465 2488 1781 2551 opsoniorum
1809 2488 1987 2536 artifex

145 2572 389 2634 singulare
430 2571 627 2636 aliquod
656 2579 704 2618 et
732 2570 962 2618 eximium
1003 2571 1097 2617 cibi
1137 2588 1294 2632 genus
1336 2569 1630 2628 invenisset,
1674 2588 1774 2618 non
1801 2570 1988 2619 licitum

147 2663 249 2702 erat
274 2655 354 2703 alii
383 2655 558 2703 eodem
599 2671 782 2718 genere
824 2653 893 2700 uti
935 2661 1049 2701 ante
1091 2653 1313 2717 elapsum
1353 2654 1468 2701 anni
1510 2653 1749 2716 spatium3
1789 2654 1873 2702 sed
1900 2671 1988 2719 per

147 2746 302 2785 totum
328 2737 375 2786 id
401 2745 596 2801 tempus
623 2737 706 2784 uni
734 2736 979 2784 inventori
1007 2736 1055 2784 id
1085 2736 1271 2783 licitum
1311 2744 1438 2794 erat,
1481 2754 1577 2799 quo
1604 2736 1788 2800 primus
1815 2737 1985 2784 inven—

148 2828 222 2866 tor
249 2821 392 2867 etia-m
421 2828 680 2885 quaestum
709 2838 766 2868 ex
803 2821 919 2867 artis
960 2837 1075 2868 suae
1116 2819 1347 2867 exercitio
1389 2827 1611 2884 caperet,
1652 2819 1829 2884 aliique
1858 2820 1986 2868 exci-

149 2910 367 2950 tarentur
407 2904 467 2951 ad
508 2921 710 2968 operam
753 2903 967 2951 (landam
1006 2912 1057 2950 ut
1096 2902 1217 2951 alios
1244 2902 1294 2950 in
1335 2902 1427 2950 hoc
1465 2919 1647 2965 genere
1687 2911 1985 2967 superarent.

150 2984 556 3046 (Athenaeus
583 2987 697 3049 XII,
730 2986 873 3046 521.)

930 3114 1028 3166 Ad
1059 3115 1208 3166 909.

294 3234 349 3283 Id
379 3242 477 3293 est,
508 3237 587 3297 qui
628 3237 683 3282 15
714 3238 1011 3285 talentorum
1039 3237 1187 3284 habet
1216 3236 1564 3294 substzuitiam,
1593 3253 1621 3282 a
1649 3235 1803 3283 tribus
1830 3237 1985 3284 talen-

151 3319 211 3366 tis
239 3317 384 3365 solvit
409 3317 846 3378 contributionem,
889 3338 972 3368 seu
1003 3319 1060 3367 sle
1090 3320 1255 3383 quinta
1285 3319 1566 3367 facultatum
1597 3326 1749 3381 parte.
