2114 3642
805 210 870 244 DE
896 211 1202 247 Anotfrssmo,
1812 203 1913 252 297

233 401 430 453 Τούτου
459 404 530 470 μὴ
571 406 978 474 καταγινώσκειν
1015 409 1184 471 φόνον
1210 450 1223 470 ,
1281 406 1335 468 ὃς
1374 408 1440 461 ἂν
1476 415 1556 462 ἐπὶ
1597 411 1810 477 δάμαρτι
1852 415 1914 477 τῇ

89 486 271 534 ἑαυτοῦ
293 486 487 551 μοιχὸν
512 487 688 553 λαβών
712 488 902 550 ταύτην
926 490 1020 550 τήν
1046 497 1289 558 τιμωρίαν
1315 494 1584 554 ποιήσηται.

718 576 919 640 (Lysias
946 577 1006 626 de
1033 577 1181 627 caede
1209 580 1560 630 Erasthotenis.
1590 577 1632 645 ᾧ.
1663 581 1770 640 30.)

929 684 1079 733 1170.

224 763 313 812 Ille
364 780 424 813 ne
474 765 827 815 condemnetur
875 767 1069 828 caedis,
1116 768 1197 833 qui
1237 769 1494 818 moechum
1533 770 1909 836 deprehendens

85 863 237 913 prope
262 864 400 897 suam
426 848 581 913 ipsius
608 867 835 908 uxorem,
875 851 1146 900 istiusmodi
1172 869 1383 916 poenam
1410 855 1649 903 sumserit.

919 957 1066 1007 1171.

216 1033 456 1085 Ἐπειδὰν
483 1035 533 1085 δὲ
561 1040 644 1100 ἕλῃ
670 1035 762 1086 τὸν
781 1035 977 1101 μοιχὸν
995 1075 1005 1095 ,
1040 1035 1111 1102 μή
1153 1040 1327 1096 ἐξέστω
1358 1037 1430 1104 τῷ
1458 1036 1621 1088 ἑλόντι
1649 1049 1909 1090 συνοικεῖν

81 1116 139 1180 τῇ
177 1127 412 1186 γυναικὶ·
460 1118 552 1170 ἐάν
592 1120 638 1169 δὲ
693 1120 938 1183 συνοικῇ,
981 1117 1161 1185 ἶῖτιμος
1212 1123 1349 1170 ἔστω.
1416 1121 1558 1181 Μηδὲ
1602 1124 1659 1186 τῇ
1700 1130 1908 1192 γυναικὶ

79 1205 252 1260 ἐξέστω
291 1207 492 1253 εἰσιέναι
533 1207 602 1261 εἰς
640 1203 699 1252 τοὶ
741 1203 847 1269 ἱεροὶ
887 1204 947 1252 τά
992 1205 1264 1269 δημοτελῇ,
1305 1210 1384 1266 ἐφ’
1410 1199 1439 1268 ἧ
1476 1203 1544 1254 ἂν
1563 1206 1747 1269 μοιχὸς
1775 1204 1907 1272 (2214)-

77 1283 168 1334 ἐὰν
196 1285 240 1334 δ’
268 1291 425 1351 εἰσίῃ,
466 1291 691 1347 νηποινεὶ
732 1291 962 1350 πασχέτω
1003 1286 1032 1336 ὅ
1071 1308 1116 1336 τι
1156 1285 1221 1337 ἂν
1259 1293 1459 1352 πάσχῃ,
1499 1288 1628 1349 πλὴν
1659 1290 1902 1339 θανάτου,

991 1374 1272 1434 (Demosth.
1300 1375 1351 1423 in
1379 1375 1555 1424 Neaer.
1586 1375 1763 1435 1347.)

922 1482 1072 1532 1171.

218 1564 428 1625 Quando
468 1572 632 1614 autem
671 1565 930 1615 moechum
969 1564 1371 1631 deprehenderit,
1411 1584 1558 1632 porro
1585 1567 1635 1615 in
1662 1567 1906 1615 matrimO=

76 1649 157 1696 nio
182 1647 364 1699 habere
392 1649 646 1698 mulierem
675 1666 783 1697 eam
809 1666 870 1697 ne
910 1649 1067 1697 liceat.
1119 1649 1275 1709 Quam
1305 1649 1344 1696 si
1381 1650 1659 1712 retinuerit,
1701 1651 1905 1714 ignomi-=

76 1732 240 1781 niosus
268 1740 385 1782 esto.
437 1733 607 1798 Neque
648 1732 838 1781 mulieri
877 1732 1022 1781 liceat
1058 1731 1250 1796 ingredi
1276 1732 1338 1781 ad
1364 1750 1505 1781 sacra
1531 1733 1757 1798 publiea,
1798 1751 1906 1782 oum

76 1833 363 1881 quacunque
391 1816 536 1865 fuerit
568 1817 801 1865 moechus
835 1815 1188 1883 deprehensus.
1240 1814 1326 1864 Sin
1354 1815 1576 1880 ingressa
1604 1817 1778 1877 fuerit,
1817 1817 1902 1863 im-

74 1917 204 1964 pune
232 1900 445 1965 patiatur
471 1899 706 1965 quidquid
733 1900 944 1966 patitur,
985 1905 1177 1966 praeter
1202 1906 1422 1948 mortem.

918 2008 1068 2058 1172.

220 2088 325 2150 Τὴν
351 2096 605 2158 γυναῖκα,
646 2095 725 2153 ἐφ’
763 2083 795 2154 ᾗ
833 2087 900 2139 ἄν
938 2086 1052 2156 ἆλῴ
1082 2087 1299 2155 μοιχὸς,
1334 2087 1405 2154 μὴ
1434 2093 1740 2154 κοσμεῖσθαι
1777 2088 1898 2152 μηδὲ

73 2176 142 2230 εἰς
167 2171 227 2221 τοὶ
257 2172 500 2238 δημοτελῄ
528 2172 632 2239 ἱεροὶ
661 2177 864 2223 εἰσιέναι
881 2213 894 2233 ,
934 2176 1020 2223 ἵνα
1041 2172 1112 2239 μή
1140 2172 1230 2231 τοὶς
1271 2171 1654 2238 ἀναμαρτήτους
1679 2172 1780 2222 τῶν
1806 2192 1900 2240 γυ-

75 2256 266 2306 ναικῶν
309 2255 689 2325 ἄναμιγνυμένη
729 2256 1029 2321 διαφθείρῃ·
1067 2255 1158 2306 ε’·ἀν
1196 2256 1240 2305 δ’
1267 2260 1396 2320 εἰσίῃ
1436 2254 1465 2316 ἢ
1490 2255 1768 2320 κοσμῆται,
1808 2254 1900 2304 τὸν

72 2339 352 2403 ἐντυχόντα
378 2341 787 2410 καταρρηγνύναι
814 2339 875 2390 τὰ
903 2340 1075 2406 ἱμάτια
1110 2344 1200 2389 καὶ
1227 2338 1319 2390 τὸν
1344 2339 1544 2405 κόσμον
1570 2338 1896 2404 ἀφαιρεῖσθαι

73 2426 161 2471 καὶ
190 2422 425 2483 τύπτειν,
465 2423 765 2494 εἰργόμενον
794 2423 1032 2475 θανάτου
1056 2428 1146 2473 καὶ
1173 2424 1267 2473 τοῦ
1295 2421 1560 2488 ἀνάπηρον
1587 2421 1800 2482 ποιῆσαι.

402 2510 534 2570 (Lex
561 2509 756 2560 Solonis
783 2510 914 2577 apud
943 2509 1173 2560 Aeschin.
1203 2527 1242 2559 e.
1270 2509 1513 2558 Timaroh.
1541 2505 1584 2574 ξ.
1615 2509 1755 2568 183.)

914 2618 1064 2667 1172.

211 2700 413 2763 Mulier,
440 2700 571 2767 apud
598 2718 742 2766 quam
769 2701 962 2751 adulter
990 2701 1136 2750 fuerit
1161 2699 1521 2766 deprehensus,
1561 2715 1622 2747 ne
1649 2707 1790 2748 ornet
1815 2717 1892 2761 se,

70 2785 236 2833 necin
263 2786 382 2834 fana
406 2784 606 2850 publica
630 2784 960 2847 ingrediatur,
1001 2801 1062 2832 ne
1100 2801 1188 2832 suo
1226 2784 1505 2831 interventu
1543 2781 1760 2846 integras
1794 2800 1893 2831 ma-

68 2876 235 2918 tronas
262 2874 567 2935 corrumpat:
606 2867 778 2932 quodsi
805 2868 1061 2918 intraverit
1087 2875 1169 2916 aut
1195 2884 1300 2916 sese
1329 2865 1600 2925 ornaverit,
1639 2866 1795 2930 quivis
1822 2867 1891 2914 di-

69 2952 250 3001 laceret
274 2953 378 3018 ejus
407 2948 711 3001 vestimenta⁸
726 2959 774 3000 et
800 2958 1025 3001 ornatum
1055 2950 1277 3016 diripiat,
1317 2957 1365 2998 et
1391 2967 1497 2998 eam
1525 2948 1776 3012 verberet,
1805 2951 1890 3000 Sed

70 3053 168 3084 non
196 3036 389 3085 occidat
414 3052 571 3101 neque
599 3035 803 3085 mutilet.
942 3107 963 3154 1
1009 3107 1039 3155 3

904 3108 928 3156 1
975 3108 1003 3154 7
1043 3144 1051 3154 .

216 3193 495 3257 Θυγατέρας
521 3191 705 3236 πωλεῖν
730 3191 820 3236 καὶ
847 3184 1069 3248 ἀδελφάς
1086 3224 1097 3243 ,
1139 3182 1206 3233 (ἲν
1244 3181 1376 3248 λάβῃ
1410 3204 1482 3241 τις
1509 3189 1767 3251 παρθένον
1792 3183 1887 3236 ἀνᾹ

71 3271 146 3333 δρὶ
187 3277 626 3340 συγγεγενημένην.

528 3346 658 3405 (Lex
686 3343 877 3394 Solonis
905 3342 1035 3409 apud
1064 3342 1307 3391 Plutarch.
1336 3342 1384 3390 in
1412 3342 1607 3391 Solone.
1636 3342 1744 3400 23.)
