2114 3642
649 203 1056 237 coMMENTARms
1084 202 1152 236 AD
1181 205 1238 237 86.
1268 205 1323 238 87.
1353 204 1409 237 89,
1829 189 1929 237 427

97 329 302 399 γμάτων
342 330 608 390 διοικηταὶ.
673 332 943 396 (Prytanes
994 340 1107 381 sunt
1157 334 1375 382 onmium
1421 348 1582 382 rerum
1620 331 1928 382 administra-

96 419 267 475 tores)

239 500 424 553 Eadem
456 516 580 568 quae
607 498 783 549 Suidas
811 497 979 551 dicunt
1007 499 1151 550 etiam
1179 499 1362 550 Lexica
1391 498 1696 563 Segueriana
1733 516 1780 567 p.
1815 498 1930 547 296.

890 639 988 693 Ad
1027 641 1133 694 86.

234 752 286 802 Si
312 769 610 801 summamus
650 768 836 800 annum
869 751 971 800 354
998 751 1099 802 dies
1126 768 1437 814 numerasse,
1479 753 1699 819 sequitur
1724 758 1931 818 quatuor

91 837 430 902 prytaniarum
469 836 717 900 singulam
756 836 836 898 36,
878 842 926 885 et
958 853 1044 886 sex
1071 836 1410 903 prytaniarum
1436 836 1705 904 quamlibet
1732 836 1797 884 35
1826 836 1930 885 dies

90 919 335 971 habuisse.
387 920 500 969 Non
541 927 614 969 est
651 920 800 983 igitur
838 936 1040 968 necesse
1083 936 1192 968 cum
1225 925 1420 967 auctore
1448 921 1727 983 argumenti
1753 920 1802 969 in
1829 921 1929 969 De-

90 1003 357 1052 mosthenis
384 1001 744 1052 Androtianam
785 1004 940 1065 (590)
980 1003 1042 1053 ad
1083 1010 1290 1069 quatuor
1329 995 1511 1066 ἠμέρας
1556 998 1811 1065 ἀνάρχους
1850 1004 1930 1053 vel

91 1081 411 1150 ἀρχαιρεσίας
449 1104 726 1150 recurrere,
768 1088 971 1154 quibus,
1012 1095 1065 1136 ut
1090 1087 1172 1137 ille
1200 1086 1337 1149 dicit,
1384 1088 1723 1153 interregnum
1750 1094 1856 1138 erat
1882 1087 1931 1137 in

91 1168 254 1221 Attica
280 1179 329 1220 et
354 1172 670 1235 magistratus
699 1172 1100 1235 designabantur.

232 1253 395 1303 Schol.
423 1254 499 1303 ad.
528 1253 758 1304 Aeschin.
788 1255 1034 1304 Timarch.
1065 1255 1193 1302 104:
1227 1249 1431 1310 Ἐπειδὴ
1474 1250 1598 1301 δέκα
1638 1248 1766 1312 ἦσαν
1801 1272 1928 1318 πρυ-

93 1342 316 1394 vave-Zaa,
359 1334 567 1395 ἑκάστης
595 1334 643 1384 δὲ
672 1335 869 1386 τούτων
897 1334 1216 1395 πεντήκοντα
1258 1337 1562 1400 βουλευταὶ,
1605 1331 1782 1401 ἄνδρες
1810 1357 1930 1386 πεν-

89 1418 322 1469 τακόσιοι
350 1419 784 1485 πρυτανεύουσιν,
825 1425 1034 1478 ἕκαστος
1067 1419 1209 1485 μῆνα
1248 1424 1338 1468 καὶ
1382 1415 1561 1485 ἡμέρας
1599 1425 1679 1481 ἕξ,
1722 1417 1846 1469 ὥστε
1872 1419 1930 1469 τὸ

90 1505 200 1560 ἔτος
238 1509 494 1569 περιέλθοι
520 1503 607 1562 τὰς
635 1504 757 1554 δέκα
797 1507 980 1568 φυλάς.
1035 1501 1102 1554 ‘O
1142 1504 1200 1564 δή
1235 1503 1454 1571 χρόνος,
1497 1500 1559 1555 ὃν
1597 1503 1744 1569 ἄρχει
1782 1500 1931 1570 ἦμία

90 1586 255 1651 φυλὴ,
307 1591 585 1654 πρυτανεία
635 1594 878 1640 καλεῖται.
942 1593 1043 1638 Καὶ
1078 1589 1321 1654 μετροῦσι
1362 1588 1664 1655 κοινότερον
1704 1587 1766 1638 οὐ
1808 1588 1931 1654 πρὸς

84 1671 275 1737 μῆνας,
316 1670 445 1721 ἀλλὰ
486 1671 606 1738 πρὸς
645 1675 946 1737 πρυτανείας
984 1671 1104 1729 τούς
1142 1694 1194 1722 τε
1226 1671 1455 1738 μισθούς
1493 1677 1583 1722 καὶ
1622 1672 1809 1731 τόκους
1836 1677 1926 1722 καὶ

89 1759 303 1808 ἐνοίκια.
357 1760 651 1825 (Postquam
690 1760 863 1809 decem
903 1760 1098 1810 fuerant
1136 1760 1421 1826 prytaniae‚
1463 1767 1511 1809 et
1550 1761 1812 1827 cujuslibet
1845 1761 1928 1810 ha-

88 1860 197 1890 rum
223 1843 583 1908 quinquaginta
608 1851 884 1904 senatores,
925 1844 1036 1893 ideo
1076 1844 1333 1908 quingenti
1374 1851 1487 1892 sunt
1526 1851 1790 1912 prytanes,
1833 1845 1928 1894 sin-

88 1926 233 1989 gulus
259 1944 356 1974 uno
382 1943 550 1975 mense
578 1934 627 1975 et
653 1943 738 1976 sex
766 1927 966 1987 diebus,
994 1928 1062 1976 ita
1088 1935 1141 1975 ut
1167 1945 1324 1976 annus
1353 1928 1620 1977 circumeat
1647 1928 1816 1977 decem
1843 1929 1926 1977 tri-

90 2009 195 2057 bus.
248 2009 468 2075 Tempus
495 2017 683 2070 autem,
725 2029 820 2076 quo
860 2028 959 2059 una
993 2011 1148 2060 tribus
1176 2011 1411 2076 imperat,
1454 2012 1686 2077 prytania
1712 2019 1928 2062 vocatur.

90 2092 357 2142 Metiuntur
383 2110 499 2142 vero
528 2094 833 2142 communius
859 2111 960 2142 non
987 2093 1258 2142 secundum
1285 2110 1505 2154 menses,
1547 2094 1631 2143 sed
1660 2094 1931 2143 secundum

88 2176 343 2241 prytanias
371 2184 419 2225 et
444 2177 696 2227 mercedes
725 2185 772 2226 et
799 2195 968 2226 usuras
996 2185 1044 2225 et
1070 2177 1228 2242 pretia
1254 2176 1528 2226 conductae
1557 2177 1771 2237 domus.)

229 2259 565 2309 Idem‘scribit
591 2261 854 2310 scholiasta
880 2260 941 2309 ad
970 2260 1189 2309 Platonis
1207 2260 1383 2324 Leges
1411 2260 1590 2325 p.469.
1622 2261 1695 2311 ed.
1713 2260 1923 2311 Bekker.

887 2412 986 2465 Ad
1025 2414 1130 2466 87.

232 2522 409 2571 Pollux
437 2522 572 2586 VIII,
604 2524 696 2573 96:
736 2523 1024 2573 Praefectus
1066 2519 1374 2584 (ἐπιστάτης)
1415 2541 1537 2572 unus
1572 2531 1927 2589 prytaneorum

91 2613 188 2664 est,
229 2612 359 2654 sorte
388 2606 585 2655 electus,
638 2607 863 2656 Eundem
902 2624 1019 2656 vero
1059 2608 1134 2656 bis
1161 2608 1466 2673 praefectum
1493 2607 1645 2655 creari
1673 2624 1771 2655 non
1797 2608 1922 2658 licet.

89 2689 255 2738 Habet
305 2696 470 2738 autem
519 2690 599 2739 hic
638 2708 889 2740 sacrorum
927 2691 1118 2752 claves,
1159 2690 1243 2739 ubi
1284 2691 1523 2756 pecuniae
1563 2691 1684 2741 sitae
1725 2699 1839 2741 sunt
1877 2700 1926 2742 et

88 2773 301 2823 tabulae.

886 2842 984 2895 Ad
1023 2844 1128 2895 89.

231 2951 379 3000 Haud
406 2968 513 3000 raro
539 2953 846 3016 grammatici
874 2953 1131 3002 ecclesiam
1158 2969 1267 3001 cum
1286 2952 1473 3018 judicio
1501 2961 1809 3018 permutant,
1853 2964 1922 3005 at-

92 3051 184 3098 que
212 3035 450 3100 populum
476 3036 526 3084 in
553 3036 759 3084 comitiis
799 3043 1156 3100 congregatum
1196 3055 1285 3102 pro
1318 3036 1542 3102 judicum
1577 3056 1809 3089 consessu
1836 3041 1919 3090 ha-

92 3118 224 3166 bent.
274 3120 445 3184 Itaque
472 3120 522 3167 in
549 3120 641 3167 hoc
668 3118 846 3168 Suidae
873 3121 982 3169 loco
1013 3116 1130 3176 δίκη
1169 3120 1347 3168 dicitur
1384 3139 1473 3186 pro
1514 3123 1688 3187 quovis
1722 3125 1923 3188 negotio

93 3200 223 3263 quod
250 3201 310 3249 ad
336 3203 575 3268 populum
601 3202 752 3250 fertur
791 3211 839 3251 et
879 3199 1116 3248 δικασταί
1155 3221 1253 3252 non
1293 3203 1374 3251 alii
1414 3213 1526 3254 sunt
1559 3223 1706 3271 quam
1733 3208 1920 3262 ἐκκλη-

93 3284 304 3333 σιασταί.
358 3285 779 3345 (Schemannz
820 3286 879 3335 de
908 3286 1114 3335 comitiis
1143 3284 1317 3334 Athen.
1347 3305 1392 3352 p.
1420 3288 1528 3348 86.)

233 3367 407 3418 Pollux
431 3385 623 3435 quoque
652 3369 933 3430 (V111,96)
972 3369 1114 3431 dicit,
1154 3387 1264 3418 cum
1301 3378 1533 3437 prytanes
1570 3380 1794 3423 senatum
1832 3380 1924 3424 aut
