2114 3642
613 271 1021 303 (OMMENTARn-s·
1063 273 1118 302 11)
1149 270 1228 303 704.
1258 271 1338 305 707.
1367 269 1447 304 705⁴.
1845 255 1944 303 509

105 397 282 446 mentis
324 399 488 448 statim
531 398 674 447 eximi
712 397 958 462 cupiebat.
1012 397 1114 446 Vos
1154 416 1322 448 omnes
1355 398 1472 447 mihi
1515 397 1746 446 videmini
1774 415 1944 458 nosse,

103 497 255 545 penes
283 499 403 546 quos
433 482 688 531 arbitrium
714 488 1071 530 tormentorum
1097 500 1185 547 pro
1213 491 1351 548 parte
1380 482 1633 548 potissima
1659 483 1746 542 sit,
1790 482 1846 529 iis
1874 483 1944 531 fa-

105 571 277 613 ventes
316 565 616 631 torquendos
653 572 797 628 grata
836 564 1001 612 auditu
1041 566 1206 614 omnia
1244 567 1559 631 praedicare3
1598 565 1659 614 ab
1700 565 1775 613 his
1816 566 1944 613 enim

105 649 486 698 emolumentum
523 655 752 715 sperant,
799 649 1086 713 praesertim
1125 650 1164 698 si
1205 657 1423 699 torturae
1463 668 1562 700 non
1600 649 1829 718 intersint
1868 647 1942 710 hi,

104 749 226 796 quos
253 733 381 783 servi
408 733 528 782 falso
557 748 643 781 suo
670 732 950 781 testimonio
978 732 1192 783 laedant.

888 849 986 901 Ad
1015 852 1054 902 7
1059 851 1166 903 04.

245 945 520 996 Scholiasta
546 947 607 995 ad
637 946 980 1012 Aristophanis
1007 947 1172 997 Ranas
1201 948 1345 1008 (521.
1377 949 1450 1006 v.)
1479 947 1618 1009 dicit,
1663 947 1796 1013 apud
1828 946 1943 996 Cre-

104 1036 265 1078 tenses
283 1031 553 1079 obtinuisse
571 1031 935 1080 Rhadamanthi
951 1031 1126 1096 legem,
1156 1049 1216 1080 116
1242 1032 1349 1096 quis
1378 1048 1466 1097 per
1494 1031 1611 1080 deos
1630 1031 1842 1095 juraret⁷
1860 1030 1945 1079 sed

104 1129 192 1178 per
219 1131 446 1162 anserem
475 1114 555 1162 vel
583 1132 671 1180 per
698 1131 896 1173 canem7
926 1114 1126 1162 arietem
1154 1122 1200 1162 et
1227 1114 1322 1162 alia
1348 1113 1601 1178 ejusmodi.

245 1196 473 1247 Socrates
514 1215 709 1262 quoque
741 1197 929 1262 juravit
969 1215 1057 1262 per
1106 1213 1275 1246 canem
1328 1196 1619 1257 (Platon.
1675 1197 1944 1262 Apolog.

103 1280 183 1341 22,
214 1279 298 1342 A),
327 1281 424 1329 imo
453 1289 574 1330 teste
602 1281 788 1346 Cyrillo
817 1281 1155 1330 Alexandrino
1184 1281 1331 1330 etiam
1358 1297 1448 1346 per
1475 1297 1702 1330 anserem
1728 1288 1775 1328 et
1803 1296 1943 1345 quer-

102 1380 238 1426 cum,
281 1365 411 1428 quod
463 1365 699 1414 noluisset
749 1364 1112 1414 Rhadamanthi
1166 1365 1393 1430 exemplo
1437 1372 1484 1412 et
1523 1365 1811 1413 auctoritate
1859 1381 1947 1429 per

102 1447 220 1496 deos
247 1448 429 1513 jurare.

882 1516 981 1569 Ad
1017 1519 1168 1570 70⁷.

243 1615 926 1682 Harpocratio-ibidem:
973 1611 1193 1669 ἐπακτὸς
1235 1609 1389 1677 ὅρκος
1421 1614 1772 1680 jusjtlrandum
1811 1615 1942 1679 quod

101 1699 209 1763 quis
248 1717 336 1748 sua
375 1707 551 1764 sponte
592 1698 822 1764 suscipit,
864 1698 940 1746 vel
980 1717 1076 1763 quo
1117 1699 1223 1763 quis
1264 1698 1393 1747 ultro
1433 1716 1484 1746 se
1520 1699 1797 1762 obstringit.
1851 1697 1946 1748 Alii

101 1789 271 1831 contra
298 1783 366 1830 sic
394 1790 574 1830 vocant
592 1781 945 1847 jusjurandum
972 1781 1186 1831 delatum
1227 1777 1560 1843 (ἀλλαχόθεν
1586 1778 1946 1843 ἐπιφερόμενος

103 1861 300 1928 ὅρκος),
343 1885 442 1914 non
470 1865 588 1914 illud
615 1883 710 1931 quo
738 1866 845 1929 quis
873 1884 962 1915 sua
989 1874 1164 1932 sponte
1193 1884 1243 1914 se.
1272 1866 1553 1929 obstringit.

886 1981 984 2034 Ad
1014 1984 1165 2037 708.

246 2080 481 2130 Suidas
515 2099 551 2129 s.
580 2098 624 2129 v.
654 2075 948 2142 ἀντωμοσία
966 2099 980 2125 .·
1021 2080 1185 2141 Actio,
1222 2098 1369 2145 quam
1387 2081 1582 2146 juratus
1610 2079 1848 2129 adversus
1878 2080 1943 2128 al-

101 2174 258 2214 terum
297 2165 506 2213 instituit
545 2164 604 2213 de
646 2164 863 2229 injuriis,
916 2165 1092 2229 quibus
1136 2183 1186 2213 se
1225 2166 1457 2213 affectum
1496 2163 1626 2212 dicit.
1686 2164 1945 2225 Διωμοσία

102 2266 218 2314 vero
244 2255 450 2296 vocatur
468 2247 842 2312 jusjurandum,
879 2248 1009 2311 quod
1035 2248 1288 2313 utriusque
1317 2253 1595 2313 praestatur
1621 2246 1682 2296 ab
1712 2247 1832 2308 illis,
1863 2246 1944 2312 qui

102 2335 152 2381 in
171 2333 359 2399 judicio
387 2332 604 2395 litigant:
645 2348 853 2397 quorum
878 2331 1002 2379 alter
1028 2332 1164 2389 dicit,
1193 2349 1245 2380 se
1273 2332 1643 2381 commissorum
1671 2348 1806 2379 rcum
1835 2347 1941 2396 per-

102 2434 277 2482 agere,
307 2416 429 2465 alter
456 2433 573 2464 vero
600 2433 650 2464 se
678 2415 853 2464 fecisse
880 2424 1044 2480 negat.

244 2502 369 2550 Item
396 2495 689 2560 ἀντωμοσία
717 2506 832 2548 sunt
858 2499 1017 2564 capita
1041 2499 1160 2560 litis,
1202 2516 1325 2564 quae
1363 2506 1499 2548 actor
1537 2507 1584 2547 et
1624 2515 1734 2547 reus
1760 2498 1943 2563 scripto

103 2585 460 2652 comprehensa
497 2582 559 2631 ad
599 2583 944 2646 magistratum
983 2583 1225 2632 deferunt.
1276 2583 1469 2631 Dicitur
1508 2589 1670 2631 autem
1697 2581 1790 2641 ita,
1831 2582 1941 2645 quia

104 2679 308 2734 utraque
336 2686 449 2734 pars
475 2667 701 2732 jurabat,
743 2676 878 2716 actor
918 2667 1116 2733 quidem
1144 2685 1194 2716 se
1212 2667 1401 2732 justam
1430 2667 1490 2715 ob
1520 2682 1717 2715 causam
1743 2681 1940 2713 accusa-

99 2762 288 2813 turum,
329 2769 440 2801 reus
470 2768 586 2800 vero
614 2768 663 2799 se
683 2752 818 2816 justa
845 2751 1132 2801 defensione
1160 2768 1359 2799 usurum
1389 2767 1508 2798 esse.

242 2837 365 2886 Item
393 2830 687 2896 ἀντωμοσία
716 2842 789 2884 est
807 2833 1158 2900 jusjurandum
1185 2834 1454 2882 adversarii
1481 2833 1531 2881 in
1550 2831 1750 2896 judicio.

244 2918 525 2969 Secundum
551 2917 857 2984 Hesychium
891 2912 1185 2980 ἀντωμοσία
1225 2926 1328 2966 erat
1367 2917 1616 2981 utriusque
1657 2916 1810 2982 partis
1849 2916 1940 2965 1111Γ

104 3004 266 3066 gantis
286 3001 647 3069 jusjurandum.
701 3001 978 3051 Accusatus
1003 3018 1180 3066 nempe
1204 3000 1403 3066 juravit,
1433 3017 1483 3049 se
1508 2999 1626 3048 nihil
1653 2999 1941 3065 dcliquisse3

108 3095 363 3136 accusator
388 3095 552 3136 autem
569 3085 781 3150 juravit,
821 3085 957 3133 illum
983 3084 1212 3133 delictum
1237 3083 1549 3133 commisisse.

246 3169 321 3219 Cf.
349 3171 533 3220 Lexica
559 3168 763 3234 Seguer.
792 3187 838 3234 p.
867 3169 982 3217 200.

244 3253 420 3304 Pollux
461 3254 597 3315 VIII,
631 3253 757 3300 122:
796 3251 1137 3301 ‹ludicantium
1178 3258 1226 3300 et
1264 3250 1559 3313 litigantium
1590 3247 1940 3314 jusjurandum

103 3344 309 3387 vocatur
335 3332 638 3399 ἀμφιορκία.

245 3421 433 3470 Eadem
460 3421 626 3471 dicunt
654 3419 831 3468 Lexica
860 3418 1061 3481 Seguer.
1088 3436 1135 3482 p.
1167 3418 1278 3465 184.
