2114 3642
721 211 1128 244 COMMENTARIUS
1156 212 1225 243 AD
1254 211 1311 245 89.
1826 197 1927 246 429

93 336 170 387 die
197 336 468 387 vocabatur
494 337 787 403 praefectus.
841 336 1109 387 Sciendum
1136 346 1209 388 est
1235 346 1424 401 autem,
1465 338 1846 403 quinquagenos
1872 341 1927 388 il-

87 422 161 470 los
195 429 395 471 vocatos
434 421 581 471 fuisse
621 440 653 487 p
669 439 692 469 r
706 439 737 486 y
753 429 772 469 t
786 437 814 469 a
828 438 860 468 n
876 437 901 469 e
917 440 939 470 s
957 460 966 482 ,
1009 421 1159 471 denos
1198 441 1230 488 p
1246 442 1268 473 r
1284 440 1312 471 a
1328 440 1352 472 e
1369 423 1422 472 si
1438 423 1468 472 d
1485 439 1508 471 e
1526 440 1547 470 s
1588 418 1929 484 (προέδρους),

89 523 239 555 unum
266 506 403 555 illum
430 525 462 572 p
477 524 499 555 r
515 524 544 556 a
560 523 584 555 e
602 506 627 555 f
637 522 662 554 e
679 523 705 553 c
719 512 782 553 tu
795 523 844 553 m
880 502 1220 568 (ἐπιστάτην).

229 588 307 639 Cf.
335 589 498 639 Schol.
526 589 587 639 ad
614 587 869 638 Demosth.
900 588 1189 639 Androtion.
1219 590 1334 651 594,
1364 590 1444 638 25.

228 685 302 734 Ex
328 684 553 733 omnibus
580 683 654 732 his
682 683 801 731 locis
829 690 991 748 patet,
1033 683 1130 733 duo
1169 683 1317 732 fuisse
1354 701 1538 749 genera
1582 683 1926 734 Proedrorum.

84 768 236 816 Erant
274 783 452 833 nempe
492 766 650 832 primo
692 766 899 816 Proedri
928 784 952 815 e
980 767 1277 832 Prytanibus
1319 767 1432 816 deni
1471 768 1532 816 ad
1560 774 1789 832 septenos
1819 767 1923 816 dies

82 857 211 899 sorte
238 850 412 910 creati,
455 856 689 913 erantque
731 865 817 914 per
857 849 906 898 id
946 858 1141 915 tempus
1181 849 1330 898 totius
1365 857 1565 899 senatus
1591 851 1838 916 principes
1866 868 1923 899 ac

82 932 345 997 praesides.
397 932 495 981 Sed
522 932 582 980 ab
610 931 684 981 his
717 932 898 981 diversi
927 941 1067 981 erant
1102 933 1299 982 alterius
1338 933 1532 997 generis
1572 933 1803 995 Proedri,
1843 934 1926 997 qui

83 1033 182 1064 non
221 1032 246 1064 e
286 1015 613 1081 Prytanibus,
660 1015 745 1064 sed
795 1034 819 1064 e
859 1015 1056 1080 reliquis
1107 1033 1289 1065 novem
1341 1016 1592 1076 tribubus,
1645 1017 1921 1081 prytaniam

83 1115 142 1147 eo
168 1106 385 1164 tempore
421 1117 522 1147 non
557 1098 869 1162 gerentibus,
910 1106 1039 1148 sorte
1081 1099 1400 1164 capiebantur
1439 1117 1468 1148 a
1507 1099 1780 1164 Prytanum
1809 1101 1920 1165 Epi-

83 1189 238 1244 stata,
278 1183 469 1246 quoties
510 1188 594 1229 aut
626 1189 825 1230 senatus
852 1189 936 1230 aut
962 1182 1174 1248 populus
1203 1181 1551 1231 convocandus
1579 1189 1709 1243 erat,
1748 1182 1797 1230 id
1825 1190 1922 1241 est,

84 1265 299 1329 quotidie
326 1266 442 1315 fere.
495 1266 560 1315 Hi
586 1265 734 1330 igitur
774 1265 938 1314 vocari
978 1273 1186 1330 possunt
1225 1266 1492 1331 proedri
1532 1282 1652 1314 non
1691 1267 1924 1315 contri-

83 1349 114 1397 b
132 1349 290 1410 ules,
332 1349 561 1412 quoniam
588 1366 613 1397 e
642 1365 821 1397 novem
849 1348 1057 1397 diversis
1088 1348 1314 1397 tribubus
1343 1356 1508 1411 erant,
1548 1349 1733 1414 priores
1762 1356 1923 1398 autem

83 1433 151 1482 illi
189 1434 635 1494 contribules,
677 1433 910 1498 quoniam
951 1433 1175 1499 ejusdem
1215 1442 1356 1482 erant
1395 1451 1562 1483 omnes
1601 1433 1758 1483 tribus
1796 1451 1923 1495 7191)—

83 1513 399 1573 τανευούσης.
463 1519 538 1566 De
584 1517 658 1565 his
705 1535 831 1566 non
883 1517 1381 1566 contribulibus
1432 1516 1651 1581 loquitur
1701 1517 1924 1581 superius

82 1600 258 1649 Pollux
300 1600 465 1661 (VIII,
508 1601 615 1660 96).
682 1600 743 1649 Et
781 1600 829 1648 hi
869 1600 1068 1666 proedri
1117 1618 1240 1650 non
1281 1600 1700 1649 contribules
1741 1617 1921 1648 novem

82 1691 243 1744 erant,
284 1683 463 1747 singuli
502 1700 527 1732 e
568 1683 773 1747 singulis
814 1683 1064 1745 tribubus,
1107 1691 1314 1749 excepta
1357 1701 1440 1745 ea,
1483 1700 1605 1748 quae
1644 1683 1920 1749 prytaniam

80 1768 313 1830 gerebat,
340 1785 440 1816 non
466 1774 520 1816 ut
554 1766 970 1816 contribules
1009 1767 1104 1827 illi,
1146 1767 1209 1815 ad
1234 1773 1462 1833 septenos
1492 1767 1622 1828 dies,
1665 1766 1750 1815 sed
1778 1767 1839 1815 ad
1868 1767 1920 1815 il-

80 1850 150 1899 las
176 1851 518 1900 tantummodo
546 1851 688 1899 unius
717 1851 812 1899 diei
839 1850 1013 1912 horas,
1057 1850 1233 1914 quibus
1273 1858 1357 1899 aut
1390 1857 1589 1899 senatus
1616 1856 1699 1898 aut
1726 1850 1918 1898 comitia

82 1933 397 1996 haberentur,
415 1935 579 1983 creati.
609 1933 998 1995 (Schoeman
1014 1952 1071 1981 n:
1100 1933 1160 1982 de
1176 1933 1382 1982 comitiis
1399 1931 1577 1981 Athen.
1605 1950 1650 1998 p.
1669 1933 1920 1992 83—85.)

225 2017 435 2067 Causam
474 2017 682 2084 duplicis
723 2016 907 2066 ordinis
954 2016 1236 2082 praesidum
1273 2017 1341 2065 ita
1380 2016 1585 2082 exponit
1625 2016 1920 2065 clarissimus

81 2100 470 2151 Schoemannius
509 2101 698 2161 (ibid.
739 2119 785 2166 p.
822 2100 944 2160 86):
984 2101 1228 2165 Prytanes
1269 2101 1541 2165 horumque
1583 2100 1830 2165 praesides
1874 2107 1921 2147 et

80 2185 357 2250 praefectus
385 2180 647 2247 (πρόεδροι
676 2190 724 2233 et
751 2178 1033 2243 ἐπιστάτης)
1074 2184 1218 2232 unius
1260 2200 1431 2232 omnes
1461 2191 1507 2233 et
1534 2183 1754 2250 ejusdem
1782 2190 1920 2232 erant

79 2267 250 2317 tribus.
302 2268 394 2330 Hi,
436 2268 552 2317 dum
587 2269 638 2317 in
665 2274 957 2333 prytaneatu
985 2274 1148 2329 crant,
1190 2267 1404 2316 universi
1432 2274 1632 2316 senatus
1659 2283 1919 2332 personam

79 2352 336 2415 gerebant.
388 2350 487 2401 Sed
527 2369 621 2417 quo
650 2352 911 2418 ampliores
937 2351 1287 2415 gravioresque
1314 2351 1365 2399 in
1391 2351 1647 2417 republica
1673 2358 1835 2415 partes
1861 2351 1918 2397 iis

80 2435 367 2484 commissae
407 2420 573 2497 erant,
627 2453 684 2484 eo
723 2436 879 2499 magis
917 2434 1237 2484 metuendum
1276 2434 1650 2499 cavendumque
1690 2441 1816 2494 erat,
1856 2450 1916 2481 ne

80 2517 275 2581 quando
316 2518 410 2567 hac
449 2525 586 2567 tanta
622 2525 867 2584 potestate
908 2519 1034 2567 male
1071 2525 1339 2567 uterentur.
1393 2517 1519 2583 Ipsi,
1560 2516 1790 2576 tribules,
1830 2533 1918 2581 per

78 2602 501 2666 trigintaquinque
541 2602 730 2651 dierum
765 2603 976 2668 spatium
1015 2603 1314 2667 reliquarum
1354 2601 1570 2649 tribuum
1604 2598 1915 2647 senatoribus

78 2685 347 2750 praepositi
373 2685 618 2750 totiusque
641 2687 939 2752 reipublicae
968 2686 1245 2751 principes,
1273 2684 1313 2733 si
1341 2683 1538 2747 quando
1565 2700 1675 2731 suas
1704 2699 1915 2746 suaeque

78 2768 234 2817 tribus
273 2769 486 2818 rationes
526 2776 672 2833 atque
713 2770 973 2819 commoda
1005 2787 1032 2817 a
1059 2767 1356 2831 reliquarum
1394 2766 1608 2814 tribuum
1648 2765 1915 2814 commodis

79 2851 316 2901 dissidere
356 2851 608 2913 viderent,
661 2854 940 2919 conspirare
982 2851 1210 2901 facillime
1262 2856 1517 2915 poterant,
1570 2856 1716 2912 atque
1757 2848 1915 2911 magis

79 2934 208 2998 quod
235 2935 327 2984 sibi
354 2935 576 2999 suisque,
620 2953 763 3000 quam
802 2936 932 3002 quod
973 2935 1200 2983 omnibus
1226 2932 1549 2991 conduceret,
1591 2931 1742 2996 sequi.
1794 2932 1915 2979 Eam

78 3017 140 3065 ob
180 3035 403 3081 causam,
446 3019 637 3082 quoties
674 3020 733 3089 in¹
762 3027 937 3069 senatu
977 3025 1061 3066 aut
1102 3016 1309 3065 comitiis
1349 3015 1549 3080 publica
1588 3014 1789 3078 negotia
1813 3022 1910 3063 tra-

79 3101 258 3149 ctanda
283 3109 447 3163 erant,
490 3118 549 3150 ex
575 3101 633 3149 iis
660 3119 854 3166 quoque
890 3100 1143 3159 tribubus,
1185 3116 1389 3163 quarum
1415 3115 1513 3146 non
1541 3105 1645 3146 erat
1669 3098 1913 3163 prytania,

80 3182 376 3234 creabantur
401 3185 582 3248 singuli
609 3184 727 3245 viri,
765 3186 846 3250 qui
873 3184 1099 3232 adessent
1126 3181 1443 3246 prytanibus,
1479 3188 1525 3229 et
1552 3181 1591 3229 si
1620 3181 1735 3244 quid
1766 3181 1826 3228 ab
1856 3180 1911 3226 iis

82 3267 183 3314 fieri
212 3267 454 3330 viderent,
491 3269 623 3333 quod
650 3269 782 3316 bono
810 3270 1010 3333 publico
1037 3266 1295 3328 legibusve
1324 3265 1623 3313 contrarium
1650 3272 1805 3323 esset,
1841 3263 1910 3309 in-

78 3349 382 3400 tercederent
408 3360 552 3417 atque
580 3358 829 3413 vetarent3
858 3352 895 3397 si
923 3349 1039 3413 quid
1068 3348 1185 3413 ipsis
1214 3347 1533 3413 probaretur,
1563 3346 1910 3405 consentirent,
