2161 3673
854 260 1123 294 coLLA'rlo,
1801 248 1901 295 229

65 384 252 434 aerario
279 402 307 434 a
333 386 527 449 singulo
556 383 741 434 talento
768 385 981 435 solvunt,
1033 387 1112 436 Illi
1150 403 1267 436 vero
1296 388 1529 454 Equitum
1570 405 1772 437 censum
1811 391 1902 439 sol-

64 476 264 530 ventes,
306 469 437 535 quod
471 486 619 533 equos
647 469 777 517 alere
804 470 1021 534 possint,
1063 471 1131 518 ita
1161 470 1404 520 dicuntur.
1457 471 1714 522 Mensuras
1742 480 1904 522 autem

64 551 300 615 colligunt
325 560 597 613 trecentas,
640 559 688 601 et
714 569 743 599 a
768 552 964 614 singulo
993 554 1303 601 semitalento
1331 556 1544 603 solvunt.
1597 556 1899 620 Jugatorum

64 641 227 683 autem
253 652 455 684 censum
480 634 726 684 solventes
754 652 781 682 a
809 635 1030 683 ducentis
1058 638 1298 685 mensuris
1326 638 1393 686 ita
1433 638 1686 701 dicuntur,
1728 648 1775 688 et
1802 641 1898 688 sol-

64 724 185 765 vunt
209 735 238 765 a
264 718 469 782 singulis
497 717 667 767 decem
693 717 850 765 minis.
903 717 1238 767 Mercenariae
1280 728 1442 769 autem
1467 722 1670 788 ssclassis,
1713 723 1901 772 nullum

62 801 402 863 magistratum
430 802 641 862 obeunt,
684 818 842 866 neque
872 801 1139 866 quidquam
1167 804 1378 852 solvunt.

924 909 1039 957 905.

207 1000 337 1059 Τοῦς
371 1005 645 1067 μετοίκους
682 1005 772 1050 καὶ
809 1000 930 1058 τούς
968 1005 1202 1064 τεχνίτας
1253 1001 1439 1060 ἀτελεῖς
1478 1002 1710 1063 ποιῆσαι,
1764 1001 1898 1061 ὅπως

59 1080 214 1148 ὄχλος
264 1086 420 1142 πολύς
459 1085 794 1149 πανταχόθεν
833 1088 901 1141 εἰς
939 1084 1033 1145 τήν
1073 1086 1222 1135 πόλιν
1260 1091 1515 1149 κατέλθῃ,
1562 1091 1652 1135 καὶ
1695 1091 1897 1144 πλείους

59 1173 236 1231 τέχνας
262 1170 714 1219 κατασκευάσωσιν
741 1166 970 1233 εὐχερῶς.

738 1255 964 1315 (Diodor.
993 1255 1081 1317 XI,
1112 1256 1191 1303 43.
1233 1256 1337 1304 Lex
1364 1255 1752 1317 Themistoclis.)

403 1421 415 1437 .

199 1458 428 1524 Inquilini
468 1465 516 1506 et
554 1458 755 1524 opifices
794 1458 1036 1506 immunes
1077 1465 1248 1519 sunto,
1290 1466 1343 1506 ut
1382 1459 1527 1509 turba
1566 1459 1893 1525 undequaque

56 1543 106 1591 in
134 1543 307 1591 urbem
332 1543 546 1592 confluat
574 1550 620 1591 et
647 1559 829 1605 magna
868 1542 1187 1590 artificiorum
1228 1544 1438 1593 varietas
1465 1544 1668 1593 minimo
1696 1543 1896 1608 negotio

57 1635 380 1692 comparetur.

918 1698 1032 1746 906.

183 1786 353 1841 “()ταν
370 1791 648 1857 χρημάτων
675 1787 706 1854 ᾖ
734 1790 949 1855 εἰσφορά
992 1788 1112 1855 πρὸς
1150 1789 1245 1850 τὴν
1270 1791 1423 1841 πόλιν
1451 1795 1497 1841 οἱ
1526 1794 1737 1858 Ξζιιποροι
1769 1790 1893 1851 ἀζή-

49 1894 162 1939 μιοι
191 1874 652 1938 διαφυλάττονται,
693 1872 756 1932 ὧς
793 1874 888 1934 τὴν
914 1879 1065 1924 πόλιν
1104 1873 1420 1936 ὠφελοῦντες
1460 1880 1663 1925 πλεῖστα
1699 1874 1781 1925 διὰ
1809 1875 1894 1935 τῆς

57 1955 229 2007 αὐτῶν
255 1963 507 2026 ἐμπορίας,
808 1962 996 2023 (Schol.
1025 1961 1075 2009 in
1104 1961 1419 2028 Aristophan.
1448 1963 1574 2012 Plut.
1605 1965 1750 2023 904.)

917 2071 1032 2119 906.

198 2165 362 2226 Quum
400 2167 638 2233 pecuniae
680 2166 867 2215 civitati
906 2166 1251 2228 conferuntur⁷
1292 2175 1589 2217 mercatores
1635 2168 1892 2219 indemnes

57 2258 432 2311 conservantur,
460 2250 575 2315 quia
600 2268 689 2316 per
716 2257 1041 2298 mercaturam
1068 2249 1331 2315 plurimum
1360 2250 1599 2316 adjuvant
1627 2253 1890 2302 civitatem.

912 2370 1027 2417 907.

203 2461 319 2511 Τῶν
340 2465 407 2519 εἰς
427 2460 522 2512 τὸν
554 2461 779 2528 πόλεμον
806 2467 896 2511 καὶ
925 2462 1016 2522 τὴν
1043 2465 1290 2527 σωτηρίαν
1316 2463 1400 2522 τῆς
1427 2461 1612 2519 πόλεως
1638 2464 1893 2528 εἰσφορῶν

58 2543 223 2602 οὐδεὶς
250 2551 347 2595 ἐστ’
376 2544 563 2604 ἀτελής.
929 2549 1210 2610 (Demosth.
1241 2549 1350 2598 adv.
1382 2550 1576 2615 Leptin.
1605 2550 1748 2609 462.)

920 2656 1035 2704 907.

199 2753 335 2813 Quae
362 2754 412 2801 in
439 2753 556 2801 belli
594 2753 970 2801 necessitatibus
1011 2753 1277 2815 exiguntur
1316 2751 1614 2816 salutemque
1655 2753 1887 2818 reipubli-

57 2853 141 2885 cae
169 2837 425 2885 continent
450 2835 660 2896 tributa,
701 2852 868 2884 eorum
894 2836 1078 2884 nemini
1108 2835 1250 2883 datur
1277 2835 1375 2882 ulla
1400 2834 1697 2884 immunitas.

203 3036 317 3086 Τῶν
338 3034 408 3100 μὴ
437 3033 773 3099 εἰσφερόντων
800 3034 861 3083 τά
906 3039 1096 3099 σφέτερ’
1126 3031 1297 3082 αὐτῶν
1323 3031 1410 3089 τάς
1438 3033 1613 3092 οὐσίας
1642 3033 1888 3099 δημεύειν.

1011 3122 1214 3186 (Lysias
1242 3138 1280 3168 c,
1309 3119 1571 3170 Philocrat.
1601 3118 1643 3187 ξ.
1673 3122 1745 3181 9.)

911 3229 1026 3276 908.

199 3321 293 3381 Qui
321 3340 345 3371 e
373 3323 575 3388 privatis
605 3322 812 3371 fortunis
840 3324 1024 3371 tributa
1051 3321 1250 3386 publica
1283 3339 1383 3370 non
1410 3323 1786 3388 pe1·solverint‚.
1809 3340 1886 3371 eo-

59 3422 164 3453 rum
191 3422 267 3453 res
292 3405 556 3455 familiares
584 3405 908 3472 publicentur.
