2114 3642
180 224 282 272 318
897 247 977 281 ms
1003 246 1278 281 PUBmcoM.

971 430 1116 489 Μέρος
1148 429 1202 473 α’.

885 510 936 557 'O
967 516 991 556 λ
1024 510 1047 555 ὑ
1081 531 1109 569 μ
1142 532 1170 559 π
1201 531 1216 557 ι
1247 532 1289 557 α.

1012 616 1151 626 ο--σ-νκ-οοι

985 669 1183 712 Pars1.

885 751 1277 811 Olympia.

1004 873 1151 923 1251.

306 950 316 965 ’
328 954 369 1000 Ο
384 956 409 1001 λ
428 970 505 1017 υμ
523 973 553 1000 π
570 973 585 1000 ι
602 951 634 1000 α’
649 974 669 1010 ς
689 965 697 976 “
736 952 1106 1019 τετραετηρικὸς
1140 951 1293 1023 ἀγών.
1605 956 1848 1017 (Suidas.)

1009 1063 1157 1112 1251.
1194 1076 1196 1079 ·

306 1156 559 1225 Olympias
586 1168 659 1210 est
683 1168 950 1224 certamen,
987 1161 1118 1228 quod
1145 1169 1318 1228 quarto
1345 1177 1538 1229 quoque
1566 1179 1696 1212 anno
1722 1161 1985 1229 peragitur.

1005 1270 1153 1319 1252.

309 1344 413 1407 Τὴν
437 1351 721 1414 ἐκεχειρίαν
742 1354 821 1401 ἐπὶ
847 1358 948 1408 τοῖς
969 1349 1269 1416 Ὀλυμπίοις
1285 1353 1678 1418 ἐπαγγέλλουσιν
1704 1352 1752 1398 οὶ
1771 1347 1982 1400 Ἠλεῖοι,

1234 1437 1543 1497 (Pausanias.
1572 1436 1631 1497 V,
1662 1436 1742 1497 20,
1774 1437 1843 1495 1.)

1004 1509 1151 1558 1252.

302 1590 528 1642 Induoias
558 1590 930 1658 Olympicorum
956 1592 1179 1642 ludorum
1206 1600 1425 1658 tempore
1453 1591 1755 1657 provulgant
1781 1591 1900 1640 Elei.

1000 1700 1149 1749 1253.

306 1776 437 1834 Τοϋς
457 1775 694 1835 Ἠλείους
721 1778 972 1844 λαβόντας
1000 1779 1129 1846 παρά
1158 1780 1259 1829 τῶν
1277 1776 1534 1839 ςΕλλήνων
1561 1779 1863 1847 συγχώρημα
1899 1777 1979 1827 διά

159 1858 249 1907 τὸν
274 1858 449 1927 ἀγῶνα
486 1860 587 1908 τῶν
619 1859 946 1926 Ὀλυμπίων,
1000 1862 1138 1928 ἱεράν
1188 1868 1277 1912 καὶ
1329 1862 1624 1927 ἀπόρθητον
1675 1866 1841 1912 οἰκεῖν
1889 1860 1981 1920 τὴν

151 1938 392 2002 ἸΙλείαν,
446 1942 680 2010 ἀπείρους
719 1945 905 2004 παντὸς
944 1942 1093 2005 ὄντας
1136 1946 1336 2005 δεινοῦ,
1375 1950 1465 1994 καὶ
1517 1946 1667 2005 πάσης
1709 1943 1979 2010 πολεμικῆς

159 2025 496 2090 περιστάσεως.
1273 2032 1470 2098 (Polyb.
1498 2033 1586 2093 IV,
1617 2033 1696 2094 73,
1729 2031 1834 2091 10.)

993 2105 1140 2153 1253.

297 2184 403 2232 Elei
448 2186 675 2235 universa
721 2188 1059 2236 consentiente
1109 2188 1318 2238 Graecia
1357 2190 1418 2237 ob
1457 2188 1598 2237 ludos
1637 2186 1979 2254 Olympiorum

156 2267 287 2314 omni
315 2268 530 2331 periculo
559 2271 772 2335 exempti
811 2271 1060 2336 omnisque
1100 2272 1216 2320 belli
1255 2279 1478 2338 expertes
1506 2272 1675 2320 Eleam
1714 2287 1904 2319 sacram
1929 2276 1978 2316 et

154 2349 274 2397 nulli
300 2351 605 2417 populationi
636 2353 900 2403 obnoxiam
926 2354 1159 2405 habitent.

987 2461 1136 2510 1254.

299 2538 407 2586 Τοῦ
432 2539 568 2603 ἱεροῦ
596 2534 697 2589 ὑπὸ
719 2537 939 2589 Ἠλείων
963 2542 1230 2604 εἱρχθῆναι
1259 2540 1379 2591 ὥστε
1412 2542 1483 2606 μή
1515 2542 1662 2591 θύειν
1695 2540 1809 2605 μήτ’
1838 2538 1972 2608 ἀγω-

158 2622 384 2678 νίζεσθαι
411 2620 529 2679 τούς
548 2622 617 2686 μὴ
645 2626 940 2682 ἐκτίνοντας
966 2623 1057 2684 την
1084 2624 1234 2685 δίκην
1261 2625 1459 2684 αὐτοῖς,
1502 2622 1561 2686 ἣν
1593 2623 1974 2685 καταδικάζον-

155 2721 232 2748 ται
273 2701 442 2753 αὐτῶν
480 2701 544 2762 ὦς
584 2705 715 2756 ὅπλα
755 2712 833 2758 ἐπὶ
871 2707 965 2767 τήν
995 2707 1175 2774 χώραν
1212 2710 1529 2778 ἐνεγκόντων
1566 2715 1653 2759 καὶ
1688 2704 1894 2763 ὁπλίτας
1918 2712 1974 2756 ἐν

155 2792 257 2840 ταῖς
289 2784 660 2848 Ὀλυμπιακαῖς
686 2790 924 2848 σπονδαῖς
951 2797 1098 2856 ἑσπεμ
1111 2791 1329 2858 φάντων.
1361 2789 1440 2841 ‘JI
1472 2792 1519 2841 δὲ
1560 2792 1812 2851 καταδίκη
1839 2788 1971 2839 κατὰ

154 2864 245 2915 τόν
272 2864 479 2931 ὁπλίτην
505 2879 724 2923 ἕκαστον
751 2874 843 2924 δύο
863 2882 1005 2938 μναῖ,
1359 2878 1605 2946 (Thucyd.
1633 2878 1692 2939 V,
1722 2879 1830 2937 49.)

991 2985 1138 3033 1254.

295 3060 441 3111 Aditu
479 3067 538 3114 ad
576 3068 810 3133 templum
850 3069 911 3116 ab
941 3067 1071 3117 Eleis
1104 3070 1451 3133 prohibentur,
1494 3086 1554 3118 ne
1582 3069 1875 3118 sacrificium
1900 3070 1967 3117 fa-

153 3142 308 3201 ciant,
350 3161 471 3193 neve
501 3157 713 3209 certent,
755 3152 834 3215 qui
872 3151 991 3216 ipsis
1030 3152 1260 3200 mulctam
1300 3171 1399 3201 non
1433 3152 1782 3217 persolverint,
1823 3145 1970 3217 quani

154 3225 259 3273 Elei
286 3225 342 3273 iis
369 3226 613 3290 irrogant,
653 3234 733 3297 qui
773 3235 822 3281 in
864 3235 1115 3297 regionem
1143 3253 1308 3283 eorum
1336 3253 1471 3283 arma
1497 3235 1746 3283 intulerint-
1773 3244 1820 3283 ct
1846 3236 1966 3283 mili-

152 3316 224 3355 tes
253 3307 524 3374 Olympiaci
566 3313 773 3363 foederis
813 3325 1032 3381 tempore
1073 3317 1371 3366 immiserint.
1423 3317 1602 3365 Mulcta
1630 3326 1791 3366 autem
1820 3327 1891 3367 est
1918 3319 1966 3366 in

151 3390 367 3454 singulos
395 3392 569 3440 milites
596 3394 736 3445 binae
764 3399 936 3448 minae.

285 3506 323 3541 λ
