2114 3642
672 216 1076 248 conamur-xmus
1105 215 1172 246 An
1205 212 1305 247 1315.
1338 211 1438 245 1317.
1865 198 1966 245 597

128 345 218 393 dae
251 343 565 392 constitutum
607 359 709 390 esse
751 343 1002 407 proprium
1044 341 1373 391 vocabulum?
1426 341 1534 389 Hoc
1567 358 1684 388 vero
1711 357 1815 388 esse
1844 336 1962 385 ἀνε-

129 423 345 490 ψιαδοῦς
386 433 634 476 oratorum
675 425 977 489 aliorumque
1027 433 1284 474 auctorum
1330 424 1608 473 testimonia
1648 422 1963 471 disertissima

124 509 317 559 docent.

266 582 480 630 Possunt
521 579 718 643 quidem
758 579 879 628 tales
919 577 1008 627 dici
1050 580 1198 627 etiam
1227 597 1250 628 e
1280 578 1587 628 consobrinis
1615 577 1855 643 procreati
1886 579 1962 637 (ἐξ

125 660 357 727 ἀνεψιῶν
384 657 526 716 ὄντες
553 663 655 711 sive
684 658 947 727 γεγονότες
988 663 1089 710 sive
1132 658 1360 725 ἀνεψιῶν
1388 659 1614 722 παῖδες),
1657 659 1743 709 sed
1771 677 1870 709 non
1898 659 1962 709 al-

122 756 197 796 ter
222 748 361 796 alteri
403 755 475 795 cst
515 747 795 795 consobrini
837 748 964 795 filius
1007 752 1146 806 (παῖς
1174 743 1453 807 ἀνειᾼνιοῦ);
1496 746 1702 793 oriretur
1734 745 1860 793 enim
1888 762 1960 793 ra-

123 833 311 880 tionum
337 830 645 879 diversarum
674 830 909 878 confusio.
950 830 1045 889 Qui
1073 830 1302 878 sobrinus
1331 837 1403 878 est
1430 829 1596 880 alteri,
1631 827 1741 876 huic
1768 835 1815 875 et
1841 827 1963 876 alter

121 913 201 962 ille
241 908 673 975 est-dvewefflofig
714 913 866 973 (inter
906 931 955 961 se
995 922 1107 961 sunt
1148 913 1390 971 sobrini),
1431 912 1584 960 sedis
1613 912 1694 976 qui
1722 910 1859 959 alteri
1889 918 1961 959 est

118 995 396 1045 consobrini
426 996 568 1055 filius,
586 1013 696 1045 cum
723 997 877 1044 altero
905 1014 1004 1044 non
1032 997 1189 1060 magis
1217 1013 1364 1060 quam
1392 994 1556 1043 fratris
1585 993 1711 1042 filius
1739 1011 1849 1042 cum
1875 996 1958 1058 pa-

118 1086 226 1128 truo
268 1078 443 1128 eodem
482 1086 680 1129 mutuae
719 1079 1028 1143 cognationis
1071 1095 1252 1143 genere
1292 1081 1579 1139 conjunctus
1619 1083 1715 1130 θεῖ,
1756 1077 1840 1125 sed
1883 1077 1960 1124 hic

118 1162 323 1228 propius
352 1163 394 1211 ei
422 1163 624 1211 sobrino
653 1179 758 1211 esse
787 1161 1009 1210 dicitur.“
1052 1162 1262 1210 Bunse
1281 1178 1335 1208 n:
1365 1162 1438 1209 De
1459 1160 1571 1224 jure
1596 1159 1757 1208 hored.
1778 1159 1956 1208 Athen.

119 1245 344 1309 Gotting.
376 1246 525 1294 1813.
554 1265 599 1312 p.
630 1245 816 1293 7—-10.

262 1327 509 1393 „Cognati
536 1330 714 1394 (vulgo
741 1329 1074 1388 collaterales)
1103 1336 1217 1377 sunt

259 1412 295 1461 Ι.
337 1411 377 1461 Α
403 1419 542 1478 patre
570 1410 790 1460 defuncti
817 1410 1037 1458 oriundi:

329 1496 382 1555 a)
422 1496 625 1544 Juxta
652 1493 964 1554 defunctum,
995 1493 1170 1542 fratres
1197 1510 1470 1542 sororesve,

327 1579 386 1638 b)
426 1579 612 1627 Infra
651 1593 788 1636 eum,
834 1594 892 1625 ex
919 1577 1022 1641 ‚illis
1050 1577 1290 1641 procreati
1331 1571 1631 1634 ἀδελφιδοῖ,
1674 1559 1957 1632 ἀδελφιόαί..

221 1663 282 1711 ΙΙ.
325 1660 402 1711 Ab
430 1678 523 1709 avo
550 1677 707 1724 genus
734 1659 994 1708 ducentes:

325 1744 382 1805 a)
422 1743 632 1809 Supra
671 1743 982 1800 defunctum,
1038 1749 1242 1807 patruus
1283 1750 1330 1791 ct
1370 1743 1544 1803 amita,
1595 1743 1865 1791 avunculus
1908 1751 1955 1790 et

420 1833 682 1875 matertera
710 1828 877 1886 (θεῖος
897 1861 908 1881 ,
952 1826 1114 1886 θεία),

327 1911 384 1969 b)
423 1911 628 1959 Juxta
662 1927 798 1969 eum7
840 1911 1013 1958 horum
1041 1910 1182 1959 liberi
1210 1910 1493 1958 consobrini
1523 1905 1788 1970 (ἀνεψιοί,
1831 1905 1951 1956 ἀνε-

425 1981 584 2044 imai),

325 2067 377 2124 c)
419 2065 600 2114 Infra
627 2081 764 2124 eum,
806 2065 980 2113 horum
1008 2065 1148 2114 liberi
1178 2061 1437 2127 (ἀνεψιῶν
1466 2062 1678 2123 παῖδες).

208 2151 293 2199 ΙΙΙ.
324 2148 367 2198 Λ
397 2166 583 2214 proavo
611 2156 693 2197 aut
720 2150 925 2214 proavia
952 2150 1172 2199 oriundi:

324 2233 377 2291 a)
416 2230 450 2280 S
465 2249 496 2279 u
513 2250 543 2297 p
560 2249 583 2279 r
597 2249 625 2280 a
651 2231 935 2280 defunctum

417 2317 476 2375 α)
514 2316 685 2380 proavi
713 2315 793 2363 vel
818 2316 1049 2380 proaviae
1077 2315 1247 2376 liberi⁷
1278 2316 1455 2365 deinde
1485 2316 1564 2379 qui
1594 2324 1667 2364 est

416 2399 477 2460 β)
516 2399 742 2464 proprius
770 2398 994 2459 sobrino,
1022 2399 1083 2447 ab
1111 2400 1189 2447 his
1216 2407 1513 2465 procreatus.

325 2483 382 2541 b)
422 2482 625 2530 Juxta
652 2481 968 2539 defunctum,
1009 2481 1149 2546 hujus
1177 2483 1344 2541 liberi,
1388 2482 1573 2530 sobrini
1604 2477 1945 2542 (ἀνεψιαδοῖ).

323 2568 378 2626 c)
418 2566 603 2614 Infra
629 2582 764 2624 eum,
792 2564 967 2613 horum
994 2565 1133 2614 liberi
1163 2563 1362 2626 (παῖδες
1390 2561 1761 2626 ἀνεψιαδῶν).“
1792 2566 1830 2613 Β
1848 2584 1943 2614 un-

417 2667 438 2697 s
455 2665 479 2696 e
496 2665 527 2695 n
553 2647 669 2697 ibid.
703 2666 750 2713 p.
781 2648 1000 2695 12--13,

873 2763 971 2816 Ad
1002 2764 1178 2818 131⁷.

252 2862 426 2910 Pollux
456 2861 541 2921 ΙΙΙ,
572 2860 735 2909 6—7:
775 2864 1057 2928 Συγγένεια
1096 2871 1169 2912 est
1195 2880 1317 2928 quae
1347 2880 1445 2911 non
1475 2869 1671 2923 natura,
1712 2864 1797 2913 sed
1824 2865 1940 2930 legi-=

112 2948 225 2995 time
254 2952 506 2994 contracta
545 2953 642 3005 est,
682 2954 735 2994 ut
762 2954 873 2995 sunt
898 2948 1092 3011 generi,
1134 2948 1313 3008 soceri,
1357 2954 1403 2995 et
1431 2953 1668 3011 quotquot¹
1694 2948 1938 2998 familiari-

108 3038 206 3079 tate
232 3029 374 3078 nobis
403 3048 426 3076 e
454 3035 597 3093 pacto
626 3028 814 3095 aliquo,
854 3049 953 3080 non
984 3031 1274 3080 necessitate
1293 3031 1453 3096 juncti
1482 3038 1605 3079 sunt.

248 3112 426 3162 Pollux
451 3112 599 3175 igitur
626 3115 920 3178 συγγένειαν
960 3132 1058 3163 non
1095 3131 1186 3179 pro
1226 3114 1522 3177 cognatione
1551 3115 1634 3164 sed
1659 3134 1749 3181 pro
1776 3116 1937 3166 affini-

107 3202 204 3245 tate
231 3195 410 3255 habet,
449 3194 581 3259 quod
608 3196 711 3261 ejus
738 3204 896 3246 aetate
926 3198 1052 3246 forte
1080 3197 1147 3245 ita
1172 3196 1328 3244 fuerit.

249 3278 322 3328 Cf.
349 3278 588 3328 Dittrich:
619 3279 975 3347 Aristophanes
1004 3298 1101 3329 von
1129 3281 1325 3344 Byzanz
1351 3281 1544 3330 Biicher
1570 3282 1691 3331 ’uber
1717 3281 1794 3331 die
1817 3282 1934 3333 Ver-

108 3361 633 3413 wandschaftsnamen.
673 3365 729 3413 In
756 3364 1014 3427 Philologo
1043 3363 1354 3428 Gottingensi
1381 3365 1420 3425 Ι,
1449 3366 1562 3414 225.
