2114 3642
703 193 1112 227 OCMMENTARIUS
1139 195 1208 226 An
1236 192 1270 227 9.
1300 190 1358 226 10.
1834 180 1934 228 415

97 316 271 366 foedus
299 335 408 367 cum
433 318 489 367 iis
517 319 693 368 sanxit.
741 318 820 366 Ob
850 336 975 383 quae
1003 321 1250 369 communi
1279 321 1478 369 decreto
1507 337 1535 368 a
1561 321 1744 386 populo
1772 323 1933 371 scisci-

94 407 201 460 tur,
243 408 296 449 ut
323 400 564 467 Antigoni
593 402 928 466 Demetriique
969 411 1159 453 statuae
1197 423 1256 453 ex
1284 421 1402 453 auro
1429 421 1585 470 prope
1615 404 1934 453 Harmodium

95 492 143 532 et
170 484 554 549 Aristogitonem
578 486 630 534 in
656 503 800 534 curru
842 485 1095 550 erigantur
1122 494 1170 535 et
1198 494 1401 552 uterque
1431 487 1753 536 ducentorum
1779 487 1933 536 talen-

92 574 251 616 torum
279 586 461 618 oorona,
486 569 808 632 insigniatur,
848 568 909 618 ad
951 569 1120 618 decem
1159 578 1416 636 praeterea
1454 571 1611 620 tribus
1651 570 1773 619 alias
1815 570 1934 619 duas

92 649 443 715 Antigonidem
470 660 518 701 et
542 651 912 701 Demetriadem
941 652 1187 718 adjiciant.

232 747 339 796 Hae
379 747 503 797 duae
542 749 695 797 tribus
732 748 1114 798 nominabantur
1141 748 1327 797 tardius
1356 748 1531 799 Attalis
1560 757 1608 798 et
1635 749 1931 805 Ptolemais:

92 837 139 879 et
179 830 377 894 quidem
418 831 685 880 Ptolemais
724 849 855 880 anno
898 832 1054 880 265-0
1096 849 1136 880 a.
1165 831 1276 891 Ch.‚
1318 831 1495 881 Attalis
1524 850 1641 881 vero
1669 851 1799 882 anno
1829 835 1931 881 200

89 931 130 962 a.
160 913 248 963 Oh.
301 914 564 975 (Pollux
604 915 741 977 VIII,
784 915 902 964 110.
951 915 1317 964 Pausanias
1359 916 1394 976 I,
1426 916 1470 974 6,
1513 917 1558 964 8.
1611 917 1931 982 Polybius

90 997 227 1060 XVI,
256 998 338 1060 25,
367 1000 440 1059 9.)

231 1080 305 1131 Of.
346 1082 583 1132 Boeckhii
623 1100 756 1148 corp.
798 1083 943 1133 inser.
983 1100 1054 1148 gr.
1095 1084 1131 1133 I.
1173 1083 1257 1133 Nr.
1305 1082 1418 1144 111,
1463 1082 1563 1130 120
1601 1089 1649 1132 et
1689 1082 1932 1134 Addenda

88 1183 134 1232 p.
163 1165 279 1215 901.

231 1261 391 1311 Etiam
418 1262 467 1311 in
494 1262 732 1312 honorem
759 1262 999 1312 Hadriani
1038 1261 1345 1328 imperatoris
1387 1261 1704 1311 denominata
1735 1271 1808 1312 est
1834 1281 1929 1312 una

87 1344 243 1394 tribus
271 1347 380 1406 (Pa
399 1364 467 1395 us
486 1363 572 1394 an.
601 1346 638 1407 I,
668 1348 712 1407 5,
743 1347 815 1407 5),
857 1363 982 1409 quae
1016 1347 1122 1410 jam
1161 1345 1351 1394 decima
1378 1345 1524 1394 tertia
1551 1346 1654 1395 fuit.
1707 1345 1929 1395 Occurrit

86 1428 135 1477 in
166 1428 402 1478 Boeckhii
430 1427 649 1495 Corpore
677 1429 820 1477 insor.
848 1446 921 1492 gr.
951 1429 1035 1477 Nr.
1068 1428 1169 1476 184
1197 1436 1244 1477 et
1280 1428 1397 1477 275.

228 1525 475 1590 Tempore
516 1524 775 1574 Strabonis
820 1524 919 1571 174
949 1525 1145 1574 fuerant
1179 1524 1333 1586 demi,
1376 1525 1442 1573 ait
1470 1525 1598 1573 enim
1625 1524 1740 1585 (IX,
1772 1524 1816 1586 1,
1849 1525 1926 1573 16.

86 1626 133 1675 p.
163 1609 320 1669 396);
353 1604 621 1655 Ἐλευσῖνά
648 1627 700 1654 τε
727 1604 913 1664 εἰπών,
954 1610 1043 1654 ἕνα
1069 1604 1174 1654 τῶν
1214 1604 1404 1654 ἑκατὸν
1442 1609 1531 1653 καὶ
1570 1604 1927 1670 ἑβδομήκοντα

87 1688 256 1755 δήμων
282 1688 404 1755 πρὸς
431 1689 479 1740 δὲ
507 1694 598 1738 καὶ
625 1688 900 1753 τεττάρων,
947 1730 954 1737 .
1000 1730 1008 1737 .
1051 1730 1060 1739 .
1103 1686 1289 1738 οὐδένα
1316 1689 1419 1738 τῶν
1446 1685 1615 1738 ἄλλων
1641 1686 1927 1753 ὠνόμακεν.

229 1786 303 1837 Cf.
332 1788 392 1837 de
420 1789 645 1837 tribubus
674 1796 721 1836 et
763 1787 914 1837 demis
944 1786 1346 1837 Atheniensium:
1389 1788 1714 1852 Kutorga:
1755 1787 1811 1836 de
1841 1805 1924 1836 an-

83 1872 367 1935 tiquissimis
406 1872 633 1920 tribubus
666 1871 835 1921 Atticis
879 1871 1109 1937 (Torpat.
1141 1870 1334 1930 1832.).
1376 1898 1442 1904 ——
1484 1870 1619 1919 Car.
1660 1870 1923 1919 Miiller:

85 1955 364 2018 fragmenta
390 1954 659 2004 historicor.
687 1972 905 2018 graecor.
938 1954 1048 2003 Vol.
1067 1955 1129 2003 Π.
1158 1972 1204 2020 p.
1223 1955 1338 2002 357.
1356 1971 1490 2019 seqq.
1520 1982 1585 1987 ——
1612 1955 1704 2002 Die
1733 1955 1924 2002 Demen

85 2056 185 2087 von
212 2039 394 2091 Attika.
436 2038 703 2102 Ludwig
736 2038 779 2086 R
796 2056 861 2086 os
878 2056 912 2086 s.
954 2037 1375 2100 Herausgegeben
1404 2054 1500 2085 von
1527 2036 1576 2084 M
1593 2053 1615 2085 e
1633 2036 1647 2083 i
1665 2053 1739 2084 er.
1781 2036 1924 2085 Halle

88 2122 237 2171 1846.
278 2150 344 2155 ·—
384 2123 459 2172 De
495 2122 650 2171 demis
676 2121 879 2171 urbanis
907 2121 1225 2172 Athenarum.
1267 2120 1474 2186 Scripsit
1513 2120 1841 2169 Hermann
1858 2137 1923 2166 us

84 2205 300 2272 Saupp
317 2224 356 2256 e.
397 2206 594 2273 Lipsiae
626 2206 775 2253 1846.

224 2291 445 2353 Indicem
483 2303 695 2351 tribuum
724 2301 998 2352 Atticarum
1039 2318 1148 2350 cum
1184 2301 1281 2350 suis
1310 2302 1450 2367 pagis
1480 2300 1630 2348 edidit
1656 2298 1921 2348 secundum

83 2384 334 2435 Leakeum
363 2394 410 2435 et
436 2387 666 2436 Rossium
693 2387 842 2435 etiam
869 2385 978 2435 Car.
1002 2386 1133 2435 Frid.
1163 2386 1478 2435 Hermannus
1507 2385 1556 2432 in
1584 2384 1714 2431 calce
1743 2383 1918 2447 operis,

84 2469 216 2533 quod
254 2470 574 2519 inscribitur:
628 2470 976 2519 Lehrbuch
1031 2470 1141 2518 der
1190 2469 1432 2533 grieoh.
1486 2465 1917 2516 Staatsalter-

81 2553 346 2602 thiimer.
387 2553 550 2602 Editio
579 2553 663 2603 IV.
702 2553 1064 2618 Heidelbergae
1096 2554 1246 2601 1855.

883 2719 981 2773 Aa
1018 2720 1114 2772 10.

222 2842 398 2894 Suidas
433 2843 483 2891 in
515 2837 819 2904 ‘Estzog
857 2839 982 2889 Ζεῦ
1002 2861 1048 2896 g:
1089 2841 1286 2905 Jupiter
1314 2839 1558 2896 Herceus,
1600 2835 1675 2883 cui
1704 2851 1814 2883 arae
1843 2834 1913 2882 di-

81 2935 215 2977 catae
242 2934 356 2975 sunt
382 2927 509 2975 intra
537 2934 730 2991 septum
757 2926 922 2988 aulae,
961 2924 1089 2989 quod
1118 2922 1296 2972 Graeci
1324 2923 1468 2980 ἕρκος
1495 2917 1755 2966 vocabant.

224 3023 385 3072 Schol.
427 3021 488 3071 ad
527 3022 720 3070 Platon.
771 3020 1063 3085 Euthydem.
1112 3019 1228 3066 302.
1274 3018 1334 3063 D.
1377 3014 1450 3063 ed.
1492 3013 1644 3062 B‘ekk.
1684 3031 1729 3078 p.
1770 3013 1912 3060 369.:

71 3101 305 3168 ‘'Eomog·
349 3109 466 3168 ἕρκη
504 3100 624 3158 τούς
665 3102 843 3157 οἴκους
876 3099 1154 3158 Ἀθηναῖοί
1193 3111 1378 3159 φασιν·
1422 3099 1482 3143 ἐκ
1506 3093 1695 3143 τούτου
1735 3092 1783 3142 δὲ
1824 3095 1914 3140 καί

83 3186 212 3243 Ζεύς
238 3192 402 3251 ἕρκιος
429 3191 543 3250 παρ’
572 3182 746 3240 αὐτοῖς
764 3223 775 3242 ,
817 3180 878 3233 ὃν
906 3184 1086 3248 ἵδρυον
1113 3187 1168 3230 ἐν
1197 3178 1393 3234 τούτοις
1420 3177 1652 3239 φυλακῆς
1670 3175 1841 3238 χάριν.

225 3275 438 3333 (Domus
465 3275 582 3334 ἕρκη
619 3271 784 3318 dicunt
811 3270 1148 3320 Athenienses.
1201 3267 1330 3313 Hinc
1358 3264 1485 3330 apud
1513 3265 1621 3311 illos
1650 3264 1793 3311 etiam
1823 3261 1911 3309 Ju-

83 3357 210 3422 piter
236 3357 476 3418 Herceus,
519 3372 664 3420 quem
691 3354 739 3400 in
769 3353 994 3402 domibus
1026 3348 1274 3398 custodiae
1302 3347 1458 3412 gratia
1487 3346 1840 3401 collocabant.)
