<?xml version="1.0" encoding="UTF-8"?>
<!DOCTYPE html PUBLIC "-//W3C//DTD XHTML 1.0 Transitional//EN"
    "http://www.w3.org/TR/xhtml1/DTD/xhtml1-transitional.dtd">
<html xmlns="http://www.w3.org/1999/xhtml" xml:lang="en" lang="en">
 <head>
  <title>
</title>
<meta http-equiv="Content-Type" content="text/html;charset=utf-8" />
  <meta name='ocr-system' content='tesseract 3.04.00' />
  <meta name='ocr-capabilities' content='ocr_page ocr_carea ocr_par ocr_line ocrx_word'/>
</head>
<body>
  <div class='ocr_page' id='page_1' title='image "./synaggtnattiknno00tluoft_0246.png"; bbox 0 0 2161 3673; ppageno 0'>
   <div class='ocr_carea' id='block_1_1' title="bbox 256 181 1365 228">
    <p class='ocr_par' dir='ltr' id='par_1_1' title="bbox 256 181 1365 228">
     <span class='ocr_line' id='line_1_1' title="bbox 256 181 1365 228; baseline -0.002 0"><span class='ocrx_word' id='word_1_1' title='bbox 256 181 358 228; x_wconf 79' lang='lat'>220</span> <span class='ocrx_word' id='word_1_2' title='bbox 980 194 1061 224; x_wconf 73' lang='grc' dir='ltr'>ωε</span> <span class='ocrx_word' id='word_1_3' title='bbox 1088 192 1365 226; x_wconf 81' lang='lat' dir='ltr'>PUssLlCUM.</span> 
     </span>
    </p>
   </div>
   <div class='ocr_carea' id='block_1_2' title="bbox 253 313 2083 633">
    <p class='ocr_par' dir='ltr' id='par_1_2' title="bbox 253 313 2083 467">
     <span class='ocr_line' id='line_1_2' title="bbox 253 313 2083 388; baseline -0.002 -19"><span class='ocrx_word' id='word_1_4' title='bbox 253 326 308 369; x_wconf 69' lang='grc' dir='ltr'>ἐν</span> <span class='ocrx_word' id='word_1_5' title='bbox 347 318 421 376; x_wconf 77' lang='grc' dir='ltr'>αἷς</span> <span class='ocrx_word' id='word_1_6' title='bbox 462 318 815 388; x_wconf 66' lang='grc' dir='ltr'>ἀναγράφουσι</span> <span class='ocrx_word' id='word_1_7' title='bbox 860 315 919 365; x_wconf 74' lang='grc' dir='ltr'>πὶ</span> <span class='ocrx_word' id='word_1_8' title='bbox 961 313 1198 379; x_wconf 73' lang='grc' dir='ltr'>χρήματα</span> <span class='ocrx_word' id='word_1_9' title='bbox 1236 314 1297 364; x_wconf 77' lang='grc' dir='ltr'>τὰ</span> <span class='ocrx_word' id='word_1_10' title='bbox 1339 315 1472 381; x_wconf 62' lang='grc' dir='ltr'><em>ἱεροὶ,</em></span> <span class='ocrx_word' id='word_1_11' title='bbox 1527 321 1721 366; x_wconf 71' lang='grc' dir='ltr'><em>θέντων</em></span> <span class='ocrx_word' id='word_1_12' title='bbox 1760 322 1815 367; x_wconf 77' lang='grc' dir='ltr'>ἐν</span> <span class='ocrx_word' id='word_1_13' title='bbox 1857 315 1993 366; x_wconf 79' lang='grc' dir='ltr'><em>πόλει</em></span> <span class='ocrx_word' id='word_1_14' title='bbox 2037 318 2083 365; x_wconf 83' lang='grc' dir='ltr'>οἱ</span> 
     </span>
     <span class='ocr_line' id='line_1_3' title="bbox 254 406 442 467; baseline 0.005 -17"><span class='ocrx_word' id='word_1_15' title='bbox 254 406 442 467; x_wconf 82' lang='grc' dir='ltr'><em>ταμίαι.</em></span> 
     </span>
    </p>

    <p class='ocr_par' dir='ltr' id='par_1_3' title="bbox 256 477 2083 633">
     <span class='ocr_line' id='line_1_4' title="bbox 389 477 2083 547; baseline -0.002 -14"><span class='ocrx_word' id='word_1_16' title='bbox 389 483 628 533; x_wconf 60' lang='grc' dir='ltr'><em>Ἐπειδὰν</em></span> <span class='ocrx_word' id='word_1_17' title='bbox 669 484 715 531; x_wconf 67' lang='grc' dir='ltr'>δὲ</span> <span class='ocrx_word' id='word_1_18' title='bbox 757 481 1104 546; x_wconf 73' lang='grc' dir='ltr'><em>ἀποδεδομένα</em></span> <span class='ocrx_word' id='word_1_19' title='bbox 1143 477 1172 544; x_wconf 82' lang='grc' dir='ltr'><em>ᾖ</em></span> <span class='ocrx_word' id='word_1_20' title='bbox 1216 490 1318 539; x_wconf 75' lang='grc' dir='ltr'><em>τοῖς</em></span> <span class='ocrx_word' id='word_1_21' title='bbox 1361 489 1499 539; x_wconf 63' lang='grc' dir='ltr'><em>θεοῖς</em></span> <span class='ocrx_word' id='word_1_22' title='bbox 1538 481 1597 530; x_wconf 72' lang='grc' dir='ltr'>τά</span> <span class='ocrx_word' id='word_1_23' title='bbox 1630 481 1899 547; x_wconf 72' lang='grc' dir='ltr'>χρήματα,</span> <span class='ocrx_word' id='word_1_24' title='bbox 1941 488 1987 540; x_wconf 75' lang='grc' dir='ltr'>ἐς</span> <span class='ocrx_word' id='word_1_25' title='bbox 2026 480 2083 530; x_wconf 81' lang='grc' dir='ltr'>τὸ</span> 
     </span>
     <span class='ocr_line' id='line_1_5' title="bbox 256 564 1751 633; baseline -0.001 -16"><span class='ocrx_word' id='word_1_26' title='bbox 256 568 462 633; x_wconf 67' lang='grc' dir='ltr'><em>νεώριον</em></span> <span class='ocrx_word' id='word_1_27' title='bbox 487 571 573 615; x_wconf 75' lang='grc' dir='ltr'>καὶ</span> <span class='ocrx_word' id='word_1_28' title='bbox 602 564 661 614; x_wconf 75' lang='grc' dir='ltr'>τά</span> <span class='ocrx_word' id='word_1_29' title='bbox 689 569 829 628; x_wconf 64' lang='grc' dir='ltr'><strong><em>τείχη</em></strong></span> <span class='ocrx_word' id='word_1_30' title='bbox 857 574 959 622; x_wconf 78' lang='grc' dir='ltr'><em>τοῖς</em></span> <span class='ocrx_word' id='word_1_31' title='bbox 987 564 1211 630; x_wconf 70' lang='grc' dir='ltr'><em>περιοῦσι</em></span> <span class='ocrx_word' id='word_1_32' title='bbox 1234 566 1460 631; x_wconf 72' lang='grc' dir='ltr'><em>χρῆσθαι</em></span> <span class='ocrx_word' id='word_1_33' title='bbox 1484 565 1751 630; x_wconf 70' lang='grc' dir='ltr'><em>χρήμασιν.</em></span> 
     </span>
    </p>
   </div>
   <div class='ocr_carea' id='block_1_3' title="bbox 513 663 1943 844">
    <p class='ocr_par' dir='ltr' id='par_1_4' title="bbox 513 663 1943 844">
     <span class='ocr_line' id='line_1_6' title="bbox 513 663 1943 730; baseline -0.001 -17"><span class='ocrx_word' id='word_1_34' title='bbox 513 664 768 728; x_wconf 84' lang='lat' dir='ltr'>(Inscript.</span> <span class='ocrx_word' id='word_1_35' title='bbox 799 664 928 730; x_wconf 90' lang='lat' dir='ltr'>apud</span> <span class='ocrx_word' id='word_1_36' title='bbox 954 664 996 713; x_wconf 85' lang='lat' dir='ltr'><strong>R</strong></span> <span class='ocrx_word' id='word_1_37' title='bbox 1011 682 1039 713; x_wconf 92' lang='lat' dir='ltr'>a</span> <span class='ocrx_word' id='word_1_38' title='bbox 1053 682 1083 712; x_wconf 91' lang='lat' dir='ltr'>n</span> <span class='ocrx_word' id='word_1_39' title='bbox 1100 681 1134 726; x_wconf 87' lang='lat' dir='ltr'>g</span> <span class='ocrx_word' id='word_1_40' title='bbox 1149 682 1178 713; x_wconf 89' lang='lat' dir='ltr'>a</span> <span class='ocrx_word' id='word_1_41' title='bbox 1192 663 1223 711; x_wconf 89' lang='lat' dir='ltr'>b</span> <span class='ocrx_word' id='word_1_42' title='bbox 1242 667 1266 713; x_wconf 77' lang='lat' dir='ltr'>e</span> <span class='ocrx_word' id='word_1_43' title='bbox 1285 683 1294 712; x_wconf 94' lang='lat'>:</span> <span class='ocrx_word' id='word_1_44' title='bbox 1324 663 1485 729; x_wconf 88' lang='lat' dir='ltr'>Antiq.</span> <span class='ocrx_word' id='word_1_45' title='bbox 1515 664 1642 714; x_wconf 89' lang='lat' dir='ltr'>Hell.</span> <span class='ocrx_word' id='word_1_46' title='bbox 1671 663 1771 712; x_wconf 92' lang='lat' dir='ltr'>Nro</span> <span class='ocrx_word' id='word_1_47' title='bbox 1803 664 1943 725; x_wconf 82' lang='lat'>118.)</span> 
     </span>
     <span class='ocr_line' id='line_1_7' title="bbox 1111 795 1227 844; baseline 0.026 -3"><span class='ocrx_word' id='word_1_48' title='bbox 1111 795 1227 844; x_wconf 81' lang='lat'><strong>870.</strong></span> 
     </span>
    </p>
   </div>
   <div class='ocr_carea' id='block_1_4' title="bbox 248 900 2086 1466">
    <p class='ocr_par' dir='ltr' id='par_1_5' title="bbox 248 900 2086 1127">
     <span class='ocr_line' id='line_1_8' title="bbox 389 900 2080 968; baseline -0.001 -18"><span class='ocrx_word' id='word_1_49' title='bbox 389 902 691 950; x_wconf 87' lang='lat' dir='ltr'>Restituatur</span> <span class='ocrx_word' id='word_1_50' title='bbox 729 901 819 950; x_wconf 87' lang='lat' dir='ltr'>diis</span> <span class='ocrx_word' id='word_1_51' title='bbox 859 902 934 961; x_wconf 77' lang='lat' dir='ltr'>(id</span> <span class='ocrx_word' id='word_1_52' title='bbox 963 908 1035 950; x_wconf 89' lang='lat' dir='ltr'>est</span> <span class='ocrx_word' id='word_1_53' title='bbox 1062 903 1260 952; x_wconf 86' lang='lat' dir='ltr'>aerariis</span> <span class='ocrx_word' id='word_1_54' title='bbox 1297 903 1619 968; x_wconf 84' lang='lat' dir='ltr'>templorum)</span> <span class='ocrx_word' id='word_1_55' title='bbox 1660 901 1825 952; x_wconf 88' lang='lat' dir='ltr'>debita</span> <span class='ocrx_word' id='word_1_56' title='bbox 1858 900 2080 967; x_wconf 87' lang='lat' dir='ltr'>pecunia,</span> 
     </span>
     <span class='ocr_line' id='line_1_9' title="bbox 249 985 2086 1051; baseline -0.002 -17"><span class='ocrx_word' id='word_1_57' title='bbox 249 994 503 1051; x_wconf 83' lang='lat' dir='ltr'>postquam</span> <span class='ocrx_word' id='word_1_58' title='bbox 530 985 781 1033; x_wconf 84' lang='lat' dir='ltr'>Minervae</span> <span class='ocrx_word' id='word_1_59' title='bbox 808 986 892 1034; x_wconf 89' lang='lat' dir='ltr'>illa</span> <span class='ocrx_word' id='word_1_60' title='bbox 918 986 1009 1034; x_wconf 85' lang='lat' dir='ltr'>tria</span> <span class='ocrx_word' id='word_1_61' title='bbox 1035 986 1187 1034; x_wconf 89' lang='lat' dir='ltr'>millia</span> <span class='ocrx_word' id='word_1_62' title='bbox 1226 987 1549 1045; x_wconf 77' lang='lat' dir='ltr'>talentorum,</span> <span class='ocrx_word' id='word_1_63' title='bbox 1590 1004 1713 1050; x_wconf 89' lang='lat' dir='ltr'>quae</span> <span class='ocrx_word' id='word_1_64' title='bbox 1753 986 1847 1051; x_wconf 89' lang='lat' dir='ltr'>ipsi</span> <span class='ocrx_word' id='word_1_65' title='bbox 1888 985 2086 1034; x_wconf 87' lang='lat' dir='ltr'>decreta</span> 
     </span>
     <span class='ocr_line' id='line_1_10' title="bbox 248 1068 1545 1127; baseline 0.001 -11"><span class='ocrx_word' id='word_1_66' title='bbox 248 1068 465 1127; x_wconf 86' lang='lat' dir='ltr'>fuerant,</span> <span class='ocrx_word' id='word_1_67' title='bbox 506 1068 556 1115; x_wconf 90' lang='lat' dir='ltr'>in</span> <span class='ocrx_word' id='word_1_68' title='bbox 584 1085 746 1116; x_wconf 87' lang='lat' dir='ltr'>arcem</span> <span class='ocrx_word' id='word_1_69' title='bbox 774 1068 934 1117; x_wconf 90' lang='lat' dir='ltr'>delata</span> <span class='ocrx_word' id='word_1_70' title='bbox 961 1069 1058 1117; x_wconf 90' lang='lat' dir='ltr'>sint</span> <span class='ocrx_word' id='word_1_71' title='bbox 1085 1069 1318 1117; x_wconf 89' lang='lat' dir='ltr'>nostratis</span> <span class='ocrx_word' id='word_1_72' title='bbox 1347 1069 1545 1117; x_wconf 89' lang='lat' dir='ltr'>nummi.</span> 
     </span>
    </p>

    <p class='ocr_par' dir='ltr' id='par_1_6' title="bbox 248 1151 2084 1466">
     <span class='ocr_line' id='line_1_11' title="bbox 386 1151 2081 1217; baseline 0 -18"><span class='ocrx_word' id='word_1_73' title='bbox 386 1151 724 1200; x_wconf 85' lang='lat' dir='ltr'>Restituantur</span> <span class='ocrx_word' id='word_1_74' title='bbox 772 1159 935 1201; x_wconf 90' lang='lat' dir='ltr'>autem</span> <span class='ocrx_word' id='word_1_75' title='bbox 985 1170 1009 1201; x_wconf 93' lang='lat' dir='ltr'>e</span> <span class='ocrx_word' id='word_1_76' title='bbox 1042 1153 1290 1217; x_wconf 91' lang='lat' dir='ltr'>pecuniis,</span> <span class='ocrx_word' id='word_1_77' title='bbox 1342 1170 1462 1217; x_wconf 91' lang='lat' dir='ltr'>quas</span> <span class='ocrx_word' id='word_1_78' title='bbox 1515 1152 1605 1201; x_wconf 89' lang='lat' dir='ltr'>diis</span> <span class='ocrx_word' id='word_1_79' title='bbox 1658 1151 1919 1201; x_wconf 89' lang='lat' dir='ltr'>solvendas</span> <span class='ocrx_word' id='word_1_80' title='bbox 1975 1167 2081 1199; x_wconf 90' lang='lat' dir='ltr'>esse</span> 
     </span>
     <span class='ocr_line' id='line_1_12' title="bbox 248 1234 2084 1301; baseline -0.001 -19"><span class='ocrx_word' id='word_1_81' title='bbox 248 1235 463 1299; x_wconf 91' lang='lat' dir='ltr'>populus</span> <span class='ocrx_word' id='word_1_82' title='bbox 492 1234 735 1296; x_wconf 83' lang='lat' dir='ltr'>decrevit,</span> <span class='ocrx_word' id='word_1_83' title='bbox 776 1242 880 1283; x_wconf 88' lang='lat' dir='ltr'>tum</span> <span class='ocrx_word' id='word_1_84' title='bbox 918 1236 1030 1284; x_wconf 90' lang='lat' dir='ltr'>illae</span> <span class='ocrx_word' id='word_1_85' title='bbox 1070 1253 1194 1301; x_wconf 88' lang='lat' dir='ltr'>quae</span> <span class='ocrx_word' id='word_1_86' title='bbox 1234 1252 1367 1283; x_wconf 92' lang='lat' dir='ltr'>nunc</span> <span class='ocrx_word' id='word_1_87' title='bbox 1394 1235 1526 1300; x_wconf 88' lang='lat' dir='ltr'>apud</span> <span class='ocrx_word' id='word_1_88' title='bbox 1555 1236 1943 1284; x_wconf 88' lang='lat' dir='ltr'>Hellenotamias</span> <span class='ocrx_word' id='word_1_89' title='bbox 1970 1240 2084 1283; x_wconf 89' lang='lat' dir='ltr'>sunt</span> 
     </span>
     <span class='ocr_line' id='line_1_13' title="bbox 248 1317 2082 1384; baseline 0.001 -20"><span class='ocrx_word' id='word_1_90' title='bbox 248 1335 346 1365; x_wconf 88' lang='lat' dir='ltr'>una</span> <span class='ocrx_word' id='word_1_91' title='bbox 373 1334 483 1365; x_wconf 90' lang='lat' dir='ltr'>cum</span> <span class='ocrx_word' id='word_1_92' title='bbox 509 1318 615 1366; x_wconf 89' lang='lat' dir='ltr'>aliis</span> <span class='ocrx_word' id='word_1_93' title='bbox 642 1318 703 1365; x_wconf 91' lang='lat' dir='ltr'>ad</span> <span class='ocrx_word' id='word_1_94' title='bbox 732 1318 818 1366; x_wconf 89' lang='lat' dir='ltr'>has</span> <span class='ocrx_word' id='word_1_95' title='bbox 845 1319 1077 1383; x_wconf 76' lang='lat' dir='ltr'>pecunias</span> <span class='ocrx_word' id='word_1_96' title='bbox 1105 1318 1491 1384; x_wconf 90' lang='lat' dir='ltr'>pertinentibus,</span> <span class='ocrx_word' id='word_1_97' title='bbox 1534 1336 1684 1382; x_wconf 89' lang='lat' dir='ltr'>quum</span> <span class='ocrx_word' id='word_1_98' title='bbox 1724 1335 1748 1366; x_wconf 90' lang='lat' dir='ltr'>e</span> <span class='ocrx_word' id='word_1_99' title='bbox 1785 1317 2082 1367; x_wconf 87' lang='lat' dir='ltr'>decimarum</span> 
     </span>
     <span class='ocr_line' id='line_1_14' title="bbox 249 1400 1657 1466; baseline 0 -18"><span class='ocrx_word' id='word_1_100' title='bbox 249 1400 475 1463; x_wconf 73' lang='lat' dir='ltr'>vectigali</span> <span class='ocrx_word' id='word_1_101' title='bbox 505 1401 881 1465; x_wconf 82' lang='lat' dir='ltr'>provenientes,</span> <span class='ocrx_word' id='word_1_102' title='bbox 923 1409 1183 1466; x_wconf 80' lang='lat' dir='ltr'>postquam</span> <span class='ocrx_word' id='word_1_103' title='bbox 1210 1401 1465 1450; x_wconf 87' lang='lat' dir='ltr'>venditum</span> <span class='ocrx_word' id='word_1_104' title='bbox 1496 1401 1657 1450; x_wconf 88' lang='lat' dir='ltr'>fuerit.</span> 
     </span>
    </p>
   </div>
   <div class='ocr_carea' id='block_1_5' title="bbox 247 1494 2083 2061">
    <p class='ocr_par' dir='ltr' id='par_1_7' title="bbox 248 1494 2083 1727">
     <span class='ocr_line' id='line_1_15' title="bbox 390 1494 2081 1561; baseline -0.001 -17"><span class='ocrx_word' id='word_1_105' title='bbox 390 1496 691 1561; x_wconf 83' lang='lat' dir='ltr'>Computent</span> <span class='ocrx_word' id='word_1_106' title='bbox 719 1512 832 1542; x_wconf 90' lang='lat' dir='ltr'>vero</span> <span class='ocrx_word' id='word_1_107' title='bbox 859 1496 1081 1560; x_wconf 88' lang='lat' dir='ltr'>triginta,</span> <span class='ocrx_word' id='word_1_108' title='bbox 1123 1497 1202 1560; x_wconf 91' lang='lat' dir='ltr'>qui</span> <span class='ocrx_word' id='word_1_109' title='bbox 1232 1513 1362 1543; x_wconf 92' lang='lat' dir='ltr'>nunc</span> <span class='ocrx_word' id='word_1_110' title='bbox 1390 1503 1528 1555; x_wconf 89' lang='lat' dir='ltr'>sunt,</span> <span class='ocrx_word' id='word_1_111' title='bbox 1569 1495 1802 1559; x_wconf 85' lang='lat' dir='ltr'>legistae,</span> <span class='ocrx_word' id='word_1_112' title='bbox 1847 1494 1930 1543; x_wconf 90' lang='lat' dir='ltr'>illa</span> <span class='ocrx_word' id='word_1_113' title='bbox 1957 1510 2081 1558; x_wconf 86' lang='lat' dir='ltr'>quae</span> 
     </span>
     <span class='ocr_line' id='line_1_16' title="bbox 249 1577 2083 1645; baseline 0.001 -19"><span class='ocrx_word' id='word_1_114' title='bbox 249 1579 339 1626; x_wconf 88' lang='lat' dir='ltr'>diis</span> <span class='ocrx_word' id='word_1_115' title='bbox 367 1579 633 1641; x_wconf 76' lang='lat' dir='ltr'>debentur3</span> <span class='ocrx_word' id='word_1_116' title='bbox 673 1578 828 1627; x_wconf 89' lang='lat' dir='ltr'>donec</span> <span class='ocrx_word' id='word_1_117' title='bbox 857 1586 1018 1627; x_wconf 91' lang='lat' dir='ltr'>autem</span> <span class='ocrx_word' id='word_1_118' title='bbox 1046 1579 1251 1643; x_wconf 89' lang='lat' dir='ltr'>logistae</span> <span class='ocrx_word' id='word_1_119' title='bbox 1281 1579 1628 1640; x_wconf 73' lang='lat' dir='ltr'>convenerint,</span> <span class='ocrx_word' id='word_1_120' title='bbox 1659 1585 1858 1628; x_wconf 86' lang='lat' dir='ltr'>senatus</span> <span class='ocrx_word' id='word_1_121' title='bbox 1885 1577 2083 1645; x_wconf 82' lang='lat' dir='ltr'>plenam</span> 
     </span>
     <span class='ocr_line' id='line_1_17' title="bbox 248 1660 761 1727; baseline 0.002 -18"><span class='ocrx_word' id='word_1_122' title='bbox 248 1660 426 1709; x_wconf 87' lang='lat' dir='ltr'>habeat</span> <span class='ocrx_word' id='word_1_123' title='bbox 453 1668 761 1727; x_wconf 87' lang='lat' dir='ltr'>potestatem.</span> 
     </span>
    </p>

    <p class='ocr_par' dir='ltr' id='par_1_8' title="bbox 247 1745 2081 2061">
     <span class='ocr_line' id='line_1_18' title="bbox 388 1745 2081 1811; baseline -0.001 -18"><span class='ocrx_word' id='word_1_124' title='bbox 388 1745 668 1794; x_wconf 84' lang='lat' dir='ltr'>Restituant</span> <span class='ocrx_word' id='word_1_125' title='bbox 695 1763 810 1793; x_wconf 90' lang='lat' dir='ltr'>vero</span> <span class='ocrx_word' id='word_1_126' title='bbox 838 1746 1099 1810; x_wconf 87' lang='lat' dir='ltr'>pecuniam</span> <span class='ocrx_word' id='word_1_127' title='bbox 1125 1751 1362 1811; x_wconf 84' lang='lat' dir='ltr'>prytanes</span> <span class='ocrx_word' id='word_1_128' title='bbox 1391 1763 1501 1794; x_wconf 90' lang='lat' dir='ltr'>cum</span> <span class='ocrx_word' id='word_1_129' title='bbox 1528 1753 1715 1807; x_wconf 89' lang='lat' dir='ltr'>senatu,</span> <span class='ocrx_word' id='word_1_130' title='bbox 1745 1754 1793 1794; x_wconf 91' lang='lat' dir='ltr'>et</span> <span class='ocrx_word' id='word_1_131' title='bbox 1818 1753 2081 1811; x_wconf 82' lang='lat' dir='ltr'>postquam</span> 
     </span>
     <span class='ocr_line' id='line_1_19' title="bbox 247 1828 2080 1896; baseline 0.002 -22"><span class='ocrx_word' id='word_1_132' title='bbox 247 1828 572 1888; x_wconf 83' lang='lat' dir='ltr'>restituerint,</span> <span class='ocrx_word' id='word_1_133' title='bbox 602 1829 823 1889; x_wconf 83' lang='lat' dir='ltr'>deleant,</span> <span class='ocrx_word' id='word_1_134' title='bbox 864 1829 1148 1894; x_wconf 81' lang='lat' dir='ltr'>conquisitis</span> <span class='ocrx_word' id='word_1_135' title='bbox 1176 1828 1417 1877; x_wconf 89' lang='lat' dir='ltr'>indicibus</span> <span class='ocrx_word' id='word_1_136' title='bbox 1445 1829 1744 1896; x_wconf 83' lang='lat' dir='ltr'>syngraphis</span> <span class='ocrx_word' id='word_1_137' title='bbox 1772 1836 1820 1877; x_wconf 91' lang='lat' dir='ltr'>et</span> <span class='ocrx_word' id='word_1_138' title='bbox 1844 1829 1980 1877; x_wconf 87' lang='lat' dir='ltr'>libris</span> <span class='ocrx_word' id='word_1_139' title='bbox 2006 1846 2080 1877; x_wconf 86' lang='lat' dir='ltr'>ra-</span> 
     </span>
     <span class='ocr_line' id='line_1_20' title="bbox 247 1911 2078 1978; baseline 0.001 -21"><span class='ocrx_word' id='word_1_140' title='bbox 247 1911 458 1971; x_wconf 89' lang='lat' dir='ltr'>tionum,</span> <span class='ocrx_word' id='word_1_141' title='bbox 502 1919 549 1960; x_wconf 89' lang='lat' dir='ltr'>et</span> <span class='ocrx_word' id='word_1_142' title='bbox 587 1913 881 1977; x_wconf 87' lang='lat' dir='ltr'>ubicumque</span> <span class='ocrx_word' id='word_1_143' title='bbox 922 1912 1071 1961; x_wconf 87' lang='lat' dir='ltr'>fuerit</span> <span class='ocrx_word' id='word_1_144' title='bbox 1109 1912 1345 1977; x_wconf 90' lang='lat' dir='ltr'>inscripta</span> <span class='ocrx_word' id='word_1_145' title='bbox 1386 1912 1580 1972; x_wconf 85' lang='lat' dir='ltr'>(debita</span> <span class='ocrx_word' id='word_1_146' title='bbox 1618 1913 1870 1978; x_wconf 85' lang='lat' dir='ltr'>pecunia).</span> <span class='ocrx_word' id='word_1_147' title='bbox 1930 1911 2078 1961; x_wconf 85' lang='lat' dir='ltr'>Exhi-</span> 
     </span>
     <span class='ocr_line' id='line_1_21' title="bbox 247 1994 2077 2061; baseline -0.001 -19"><span class='ocrx_word' id='word_1_148' title='bbox 247 1994 397 2043; x_wconf 86' lang='lat' dir='ltr'>beant</span> <span class='ocrx_word' id='word_1_149' title='bbox 424 2003 588 2043; x_wconf 85' lang='lat' dir='ltr'>autem</span> <span class='ocrx_word' id='word_1_150' title='bbox 615 1996 799 2061; x_wconf 85' lang='lat' dir='ltr'>scripta</span> <span class='ocrx_word' id='word_1_151' title='bbox 825 1996 1106 2045; x_wconf 82' lang='lat' dir='ltr'>sacerdotes</span> <span class='ocrx_word' id='word_1_152' title='bbox 1135 2004 1181 2043; x_wconf 90' lang='lat' dir='ltr'>et</span> <span class='ocrx_word' id='word_1_153' title='bbox 1207 1996 1413 2043; x_wconf 85' lang='lat' dir='ltr'>sacrifici</span> <span class='ocrx_word' id='word_1_154' title='bbox 1448 2005 1494 2044; x_wconf 90' lang='lat' dir='ltr'>et</span> <span class='ocrx_word' id='word_1_155' title='bbox 1520 1997 1557 2043; x_wconf 90' lang='lat' dir='ltr'>si</span> <span class='ocrx_word' id='word_1_156' title='bbox 1591 1997 1696 2060; x_wconf 89' lang='lat' dir='ltr'>quis</span> <span class='ocrx_word' id='word_1_157' title='bbox 1724 1997 1847 2044; x_wconf 88' lang='lat' dir='ltr'>alter</span> <span class='ocrx_word' id='word_1_158' title='bbox 1874 1995 2077 2044; x_wconf 72' lang='lat' dir='ltr'>noverit..</span> 
     </span>
    </p>
   </div>
   <div class='ocr_carea' id='block_1_6' title="bbox 245 2089 2078 3406">
    <p class='ocr_par' dir='ltr' id='par_1_9' title="bbox 247 2089 2078 2571">
     <span class='ocr_line' id='line_1_22' title="bbox 388 2089 2078 2156; baseline 0.001 -19"><span class='ocrx_word' id='word_1_159' title='bbox 388 2091 633 2140; x_wconf 86' lang='lat' dir='ltr'>Fabarum</span> <span class='ocrx_word' id='word_1_160' title='bbox 661 2093 910 2140; x_wconf 89' lang='lat' dir='ltr'>sortitione</span> <span class='ocrx_word' id='word_1_161' title='bbox 940 2109 1056 2139; x_wconf 87' lang='lat' dir='ltr'>vero</span> <span class='ocrx_word' id='word_1_162' title='bbox 1086 2099 1311 2139; x_wconf 87' lang='lat' dir='ltr'>creentur</span> <span class='ocrx_word' id='word_1_163' title='bbox 1343 2099 1628 2156; x_wconf 86' lang='lat' dir='ltr'>quaestores</span> <span class='ocrx_word' id='word_1_164' title='bbox 1655 2091 1798 2156; x_wconf 89' lang='lat' dir='ltr'>hujus</span> <span class='ocrx_word' id='word_1_165' title='bbox 1825 2089 2078 2156; x_wconf 86' lang='lat' dir='ltr'>pecuniae,</span> 
     </span>
     <span class='ocr_line' id='line_1_23' title="bbox 247 2173 2078 2240; baseline 0 -19"><span class='ocrx_word' id='word_1_166' title='bbox 247 2173 359 2221; x_wconf 87' lang='lat' dir='ltr'>dum</span> <span class='ocrx_word' id='word_1_167' title='bbox 387 2174 467 2221; x_wconf 88' lang='lat' dir='ltr'>alii</span> <span class='ocrx_word' id='word_1_168' title='bbox 495 2175 808 2239; x_wconf 83' lang='lat' dir='ltr'>magistratus</span> <span class='ocrx_word' id='word_1_169' title='bbox 836 2181 1083 2236; x_wconf 79' lang='lat' dir='ltr'>creantur,</span> <span class='ocrx_word' id='word_1_170' title='bbox 1114 2175 1288 2223; x_wconf 89' lang='lat' dir='ltr'>eodem</span> <span class='ocrx_word' id='word_1_171' title='bbox 1314 2175 1460 2224; x_wconf 91' lang='lat' dir='ltr'>modo</span> <span class='ocrx_word' id='word_1_172' title='bbox 1488 2192 1582 2239; x_wconf 91' lang='lat' dir='ltr'>quo</span> <span class='ocrx_word' id='word_1_173' title='bbox 1609 2182 1892 2240; x_wconf 88' lang='lat' dir='ltr'>quaestores</span> <span class='ocrx_word' id='word_1_174' title='bbox 1919 2191 2078 2222; x_wconf 89' lang='lat' dir='ltr'>rerum</span> 
     </span>
     <span class='ocr_line' id='line_1_24' title="bbox 247 2256 2075 2322; baseline 0.001 -19"><span class='ocrx_word' id='word_1_175' title='bbox 247 2273 495 2305; x_wconf 87' lang='lat' dir='ltr'>sacrarum</span> <span class='ocrx_word' id='word_1_176' title='bbox 522 2258 789 2307; x_wconf 86' lang='lat' dir='ltr'>Minervae.</span> <span class='ocrx_word' id='word_1_177' title='bbox 834 2259 897 2307; x_wconf 92' lang='lat' dir='ltr'>Hi</span> <span class='ocrx_word' id='word_1_178' title='bbox 926 2266 1091 2306; x_wconf 89' lang='lat' dir='ltr'>autem</span> <span class='ocrx_word' id='word_1_179' title='bbox 1118 2257 1460 2306; x_wconf 85' lang='lat' dir='ltr'>administrent</span> <span class='ocrx_word' id='word_1_180' title='bbox 1486 2258 1535 2305; x_wconf 89' lang='lat' dir='ltr'>in</span> <span class='ocrx_word' id='word_1_181' title='bbox 1564 2275 1672 2306; x_wconf 89' lang='lat' dir='ltr'>arce</span> <span class='ocrx_word' id='word_1_182' title='bbox 1701 2259 1750 2305; x_wconf 90' lang='lat' dir='ltr'>in</span> <span class='ocrx_word' id='word_1_183' title='bbox 1776 2256 2075 2322; x_wconf 86' lang='lat' dir='ltr'>Opisthodo-</span> 
     </span>
     <span class='ocr_line' id='line_1_25' title="bbox 249 2339 2077 2407; baseline 0.002 -21"><span class='ocrx_word' id='word_1_184' title='bbox 249 2356 326 2386; x_wconf 92' lang='lat' dir='ltr'>mo</span> <span class='ocrx_word' id='word_1_185' title='bbox 354 2339 553 2388; x_wconf 90' lang='lat' dir='ltr'>deorum</span> <span class='ocrx_word' id='word_1_186' title='bbox 594 2343 828 2406; x_wconf 87' lang='lat' dir='ltr'>pecunias</span> <span class='ocrx_word' id='word_1_187' title='bbox 868 2360 1014 2407; x_wconf 87' lang='lat' dir='ltr'>quam</span> <span class='ocrx_word' id='word_1_188' title='bbox 1052 2342 1260 2390; x_wconf 80' lang='lat' dir='ltr'>maxime</span> <span class='ocrx_word' id='word_1_189' title='bbox 1299 2341 1483 2406; x_wconf 84' lang='lat' dir='ltr'>optima</span> <span class='ocrx_word' id='word_1_190' title='bbox 1524 2341 1644 2401; x_wconf 84' lang='lat' dir='ltr'>fide,</span> <span class='ocrx_word' id='word_1_191' title='bbox 1686 2341 1924 2404; x_wconf 90' lang='lat' dir='ltr'>simulque</span> <span class='ocrx_word' id='word_1_192' title='bbox 1967 2358 2077 2389; x_wconf 91' lang='lat' dir='ltr'>cum</span> 
     </span>
     <span class='ocr_line' id='line_1_26' title="bbox 248 2422 2076 2490; baseline 0.002 -22"><span class='ocrx_word' id='word_1_193' title='bbox 248 2422 498 2472; x_wconf 83' lang='lat' dir='ltr'>Minervae</span> <span class='ocrx_word' id='word_1_194' title='bbox 527 2424 865 2489; x_wconf 84' lang='lat' dir='ltr'>quaestoribus</span> <span class='ocrx_word' id='word_1_195' title='bbox 892 2425 1141 2490; x_wconf 89' lang='lat' dir='ltr'>aperiant,</span> <span class='ocrx_word' id='word_1_196' title='bbox 1181 2424 1414 2472; x_wconf 83' lang='lat' dir='ltr'>claudant</span> <span class='ocrx_word' id='word_1_197' title='bbox 1441 2432 1486 2472; x_wconf 87' lang='lat' dir='ltr'>et</span> <span class='ocrx_word' id='word_1_198' title='bbox 1514 2424 1686 2487; x_wconf 79' lang='lat' dir='ltr'>sigillis</span> <span class='ocrx_word' id='word_1_199' title='bbox 1716 2424 1982 2487; x_wconf 87' lang='lat' dir='ltr'>obsignent</span> <span class='ocrx_word' id='word_1_200' title='bbox 2008 2424 2076 2472; x_wconf 88' lang='lat' dir='ltr'>fo-</span> 
     </span>
     <span class='ocr_line' id='line_1_27' title="bbox 248 2506 712 2571; baseline 0.013 -20"><span class='ocrx_word' id='word_1_201' title='bbox 248 2521 323 2552; x_wconf 88' lang='lat' dir='ltr'>res</span> <span class='ocrx_word' id='word_1_202' title='bbox 352 2506 712 2571; x_wconf 88' lang='lat' dir='ltr'>Opisthodomi.</span> 
     </span>
    </p>

    <p class='ocr_par' dir='ltr' id='par_1_10' title="bbox 245 2589 2077 3073">
     <span class='ocr_line' id='line_1_28' title="bbox 391 2589 2076 2657; baseline 0 -20"><span class='ocrx_word' id='word_1_203' title='bbox 391 2589 466 2637; x_wconf 90' lang='lat' dir='ltr'>Ab</span> <span class='ocrx_word' id='word_1_204' title='bbox 494 2591 576 2652; x_wconf 89' lang='lat' dir='ltr'>iis,</span> <span class='ocrx_word' id='word_1_205' title='bbox 618 2593 698 2657; x_wconf 90' lang='lat' dir='ltr'>qui</span> <span class='ocrx_word' id='word_1_206' title='bbox 726 2610 855 2641; x_wconf 91' lang='lat' dir='ltr'>nunc</span> <span class='ocrx_word' id='word_1_207' title='bbox 885 2600 1024 2653; x_wconf 88' lang='lat' dir='ltr'>sunt,</span> <span class='ocrx_word' id='word_1_208' title='bbox 1065 2592 1405 2656; x_wconf 85' lang='lat' dir='ltr'>quaestoribus</span> <span class='ocrx_word' id='word_1_209' title='bbox 1433 2598 1481 2638; x_wconf 90' lang='lat' dir='ltr'>et</span> <span class='ocrx_word' id='word_1_210' title='bbox 1507 2592 1772 2656; x_wconf 85' lang='lat' dir='ltr'>praefectis</span> <span class='ocrx_word' id='word_1_211' title='bbox 1801 2597 1847 2638; x_wconf 87' lang='lat' dir='ltr'>et</span> <span class='ocrx_word' id='word_1_212' title='bbox 1872 2589 2076 2655; x_wconf 90' lang='lat' dir='ltr'>templo-</span> 
     </span>
     <span class='ocr_line' id='line_1_29' title="bbox 250 2673 2076 2740; baseline 0.003 -25"><span class='ocrx_word' id='word_1_213' title='bbox 250 2688 353 2717; x_wconf 89' lang='lat' dir='ltr'>rum</span> <span class='ocrx_word' id='word_1_214' title='bbox 382 2675 638 2737; x_wconf 69' lang='lat' dir='ltr'>sacrificis,</span> <span class='ocrx_word' id='word_1_215' title='bbox 681 2677 759 2740; x_wconf 88' lang='lat' dir='ltr'>qui</span> <span class='ocrx_word' id='word_1_216' title='bbox 800 2694 927 2724; x_wconf 88' lang='lat' dir='ltr'>nunc</span> <span class='ocrx_word' id='word_1_217' title='bbox 960 2675 1327 2736; x_wconf 87' lang='lat' dir='ltr'>administrant,</span> <span class='ocrx_word' id='word_1_218' title='bbox 1369 2675 1613 2723; x_wconf 85' lang='lat' dir='ltr'>numerari</span> <span class='ocrx_word' id='word_1_219' title='bbox 1655 2683 1701 2723; x_wconf 91' lang='lat' dir='ltr'>et</span> <span class='ocrx_word' id='word_1_220' title='bbox 1743 2674 1957 2739; x_wconf 86' lang='lat' dir='ltr'>appendi</span> <span class='ocrx_word' id='word_1_221' title='bbox 1985 2673 2076 2722; x_wconf 90' lang='lat' dir='ltr'>sibi</span> 
     </span>
     <span class='ocr_line' id='line_1_30' title="bbox 245 2752 2077 2822; baseline 0.003 -24"><span class='ocrx_word' id='word_1_222' title='bbox 245 2752 452 2815; x_wconf 88' lang='lat' dir='ltr'>jubento</span> <span class='ocrx_word' id='word_1_223' title='bbox 478 2759 710 2822; x_wconf 81' lang='lat' dir='ltr'>pecunias</span> <span class='ocrx_word' id='word_1_224' title='bbox 738 2778 903 2808; x_wconf 88' lang='lat' dir='ltr'>coram</span> <span class='ocrx_word' id='word_1_225' title='bbox 930 2766 1102 2808; x_wconf 87' lang='lat' dir='ltr'>senatu</span> <span class='ocrx_word' id='word_1_226' title='bbox 1130 2758 1178 2805; x_wconf 92' lang='lat' dir='ltr'>in</span> <span class='ocrx_word' id='word_1_227' title='bbox 1207 2775 1315 2805; x_wconf 85' lang='lat' dir='ltr'>arce</span> <span class='ocrx_word' id='word_1_228' title='bbox 1344 2766 1628 2822; x_wconf 85' lang='lat' dir='ltr'>quaestores</span> <span class='ocrx_word' id='word_1_229' title='bbox 1655 2766 1783 2806; x_wconf 89' lang='lat' dir='ltr'>sorte</span> <span class='ocrx_word' id='word_1_230' title='bbox 1812 2757 1989 2818; x_wconf 88' lang='lat' dir='ltr'>creati,</span> <span class='ocrx_word' id='word_1_231' title='bbox 2030 2763 2077 2804; x_wconf 90' lang='lat' dir='ltr'>et</span> 
     </span>
     <span class='ocr_line' id='line_1_31' title="bbox 253 2837 2074 2907; baseline 0.003 -24"><span class='ocrx_word' id='word_1_232' title='bbox 253 2837 486 2901; x_wconf 79' lang='lat' dir='ltr'>recipiant</span> <span class='ocrx_word' id='word_1_233' title='bbox 511 2842 617 2890; x_wconf 87' lang='lat' dir='ltr'>illas</span> <span class='ocrx_word' id='word_1_234' title='bbox 645 2860 673 2890; x_wconf 91' lang='lat' dir='ltr'>a</span> <span class='ocrx_word' id='word_1_235' title='bbox 698 2844 1092 2907; x_wconf 76' lang='lat' dir='ltr'>magistratibus,</span> <span class='ocrx_word' id='word_1_236' title='bbox 1127 2842 1204 2906; x_wconf 90' lang='lat' dir='ltr'>qui</span> <span class='ocrx_word' id='word_1_237' title='bbox 1235 2859 1363 2889; x_wconf 85' lang='lat' dir='ltr'>nunc</span> <span class='ocrx_word' id='word_1_238' title='bbox 1390 2849 1529 2903; x_wconf 80' lang='lat' dir='ltr'>sunt3</span> <span class='ocrx_word' id='word_1_239' title='bbox 1569 2849 1617 2889; x_wconf 90' lang='lat' dir='ltr'>et</span> <span class='ocrx_word' id='word_1_240' title='bbox 1643 2842 1911 2890; x_wconf 86' lang='lat' dir='ltr'>inscribant</span> <span class='ocrx_word' id='word_1_241' title='bbox 1936 2841 2074 2889; x_wconf 85' lang='lat' dir='ltr'>tabu-</span> 
     </span>
     <span class='ocr_line' id='line_1_32' title="bbox 252 2917 2075 2990; baseline 0.005 -27"><span class='ocrx_word' id='word_1_242' title='bbox 252 2917 323 2964; x_wconf 86' lang='lat' dir='ltr'>lae</span> <span class='ocrx_word' id='word_1_243' title='bbox 353 2927 451 2969; x_wconf 88' lang='lat' dir='ltr'>tum</span> <span class='ocrx_word' id='word_1_244' title='bbox 483 2941 699 2973; x_wconf 87' lang='lat' dir='ltr'>seorsum</span> <span class='ocrx_word' id='word_1_245' title='bbox 729 2943 895 2975; x_wconf 88' lang='lat' dir='ltr'>omnes</span> <span class='ocrx_word' id='word_1_246' title='bbox 923 2926 1300 2990; x_wconf 84' lang='lat' dir='ltr'>uniuscujusque</span> <span class='ocrx_word' id='word_1_247' title='bbox 1330 2924 1405 2972; x_wconf 89' lang='lat' dir='ltr'>dei</span> <span class='ocrx_word' id='word_1_248' title='bbox 1434 2925 1682 2989; x_wconf 78' lang='lat' dir='ltr'>pecunias,</span> <span class='ocrx_word' id='word_1_249' title='bbox 1698 2942 1846 2989; x_wconf 88' lang='lat' dir='ltr'>quum</span> <span class='ocrx_word' id='word_1_250' title='bbox 1863 2925 2075 2973; x_wconf 89' lang='lat' dir='ltr'>omnium</span> 
     </span>
     <span class='ocr_line' id='line_1_33' title="bbox 251 3010 1379 3073; baseline 0.007 -26"><span class='ocrx_word' id='word_1_251' title='bbox 251 3018 513 3066; x_wconf 88' lang='lat' dir='ltr'>summam,</span> <span class='ocrx_word' id='word_1_252' title='bbox 550 3010 810 3073; x_wconf 85' lang='lat' dir='ltr'>separatim</span> <span class='ocrx_word' id='word_1_253' title='bbox 838 3017 1097 3073; x_wconf 88' lang='lat' dir='ltr'>argentum</span> <span class='ocrx_word' id='word_1_254' title='bbox 1125 3015 1171 3056; x_wconf 90' lang='lat' dir='ltr'>et</span> <span class='ocrx_word' id='word_1_255' title='bbox 1198 3025 1379 3056; x_wconf 88' lang='lat' dir='ltr'>aurum.</span> 
     </span>
    </p>

    <p class='ocr_par' dir='ltr' id='par_1_11' title="bbox 251 3088 2074 3406">
     <span class='ocr_line' id='line_1_34' title="bbox 394 3088 2074 3158; baseline 0.004 -24"><span class='ocrx_word' id='word_1_256' title='bbox 394 3088 453 3135; x_wconf 78' lang='lat' dir='ltr'>Et</span> <span class='ocrx_word' id='word_1_257' title='bbox 482 3089 527 3136; x_wconf 85' lang='lat' dir='ltr'>in</span> <span class='ocrx_word' id='word_1_258' title='bbox 558 3101 808 3156; x_wconf 82' lang='lat' dir='ltr'>posterum</span> <span class='ocrx_word' id='word_1_259' title='bbox 836 3093 1128 3158; x_wconf 86' lang='lat' dir='ltr'>quicumque</span> <span class='ocrx_word' id='word_1_260' title='bbox 1156 3091 1336 3139; x_wconf 87' lang='lat' dir='ltr'>fuerint</span> <span class='ocrx_word' id='word_1_261' title='bbox 1362 3098 1673 3155; x_wconf 84' lang='lat' dir='ltr'>quaestores,</span> <span class='ocrx_word' id='word_1_262' title='bbox 1713 3090 1980 3139; x_wconf 86' lang='lat' dir='ltr'>inscribant</span> <span class='ocrx_word' id='word_1_263' title='bbox 2006 3099 2074 3145; x_wconf 75' lang='lat' dir='ltr'>ta,-</span> 
     </span>
     <span class='ocr_line' id='line_1_35' title="bbox 252 3168 2073 3240; baseline 0.004 -26"><span class='ocrx_word' id='word_1_264' title='bbox 252 3168 419 3231; x_wconf 89' lang='lat' dir='ltr'>bulae,</span> <span class='ocrx_word' id='word_1_265' title='bbox 449 3174 779 3240; x_wconf 76' lang='lat' dir='ltr'>rationemque</span> <span class='ocrx_word' id='word_1_266' title='bbox 808 3176 1017 3224; x_wconf 84' lang='lat' dir='ltr'>reddant</span> <span class='ocrx_word' id='word_1_267' title='bbox 1044 3174 1383 3239; x_wconf 86' lang='lat' dir='ltr'>pecuniarum,</span> <span class='ocrx_word' id='word_1_268' title='bbox 1412 3192 1534 3238; x_wconf 87' lang='lat' dir='ltr'>quae</span> <span class='ocrx_word' id='word_1_269' title='bbox 1563 3182 1848 3238; x_wconf 82' lang='lat' dir='ltr'>supersunt,</span> <span class='ocrx_word' id='word_1_270' title='bbox 1877 3182 1924 3222; x_wconf 90' lang='lat' dir='ltr'>et</span> <span class='ocrx_word' id='word_1_271' title='bbox 1951 3192 2073 3239; x_wconf 87' lang='lat' dir='ltr'>quae</span> 
     </span>
     <span class='ocr_line' id='line_1_36' title="bbox 252 3254 2071 3324; baseline 0.002 -24"><span class='ocrx_word' id='word_1_272' title='bbox 252 3254 340 3301; x_wconf 85' lang='lat' dir='ltr'>diis</span> <span class='ocrx_word' id='word_1_273' title='bbox 367 3257 660 3303; x_wconf 84' lang='lat' dir='ltr'>accesserint</span> <span class='ocrx_word' id='word_1_274' title='bbox 688 3268 731 3306; x_wconf 83' lang='lat' dir='ltr'>et</span> <span class='ocrx_word' id='word_1_275' title='bbox 760 3261 796 3307; x_wconf 80' lang='lat' dir='ltr'>si</span> <span class='ocrx_word' id='word_1_276' title='bbox 825 3260 939 3324; x_wconf 91' lang='lat' dir='ltr'>quid</span> <span class='ocrx_word' id='word_1_277' title='bbox 967 3260 1094 3306; x_wconf 85' lang='lat' dir='ltr'>intra</span> <span class='ocrx_word' id='word_1_278' title='bbox 1122 3275 1302 3306; x_wconf 84' lang='lat' dir='ltr'>annum</span> <span class='ocrx_word' id='word_1_279' title='bbox 1331 3265 1588 3319; x_wconf 83' lang='lat' dir='ltr'>erogatum</span> <span class='ocrx_word' id='word_1_280' title='bbox 1615 3257 1784 3317; x_wconf 80' lang='lat' dir='ltr'>fuerit,</span> <span class='ocrx_word' id='word_1_281' title='bbox 1822 3258 1952 3322; x_wconf 88' lang='lat' dir='ltr'>apud</span> <span class='ocrx_word' id='word_1_282' title='bbox 1982 3259 2071 3306; x_wconf 94' lang='lat' dir='ltr'>Lo-</span> 
     </span>
     <span class='ocr_line' id='line_1_37' title="bbox 251 3338 2071 3406; baseline 0.003 -22"><span class='ocrx_word' id='word_1_283' title='bbox 251 3338 429 3400; x_wconf 80' lang='lat' dir='ltr'>gistas,</span> <span class='ocrx_word' id='word_1_284' title='bbox 457 3339 664 3404; x_wconf 83' lang='lat' dir='ltr'>factique</span> <span class='ocrx_word' id='word_1_285' title='bbox 694 3342 763 3388; x_wconf 84' lang='lat' dir='ltr'>sui</span> <span class='ocrx_word' id='word_1_286' title='bbox 795 3342 1033 3391; x_wconf 86' lang='lat' dir='ltr'>rationem</span> <span class='ocrx_word' id='word_1_287' title='bbox 1059 3341 1299 3406; x_wconf 87' lang='lat' dir='ltr'>probent,</span> <span class='ocrx_word' id='word_1_288' title='bbox 1340 3348 1387 3388; x_wconf 87' lang='lat' dir='ltr'>et</span> <span class='ocrx_word' id='word_1_289' title='bbox 1421 3358 1479 3390; x_wconf 78' lang='lat' dir='ltr'>ex</span> <span class='ocrx_word' id='word_1_290' title='bbox 1509 3339 1868 3389; x_wconf 87' lang='lat' dir='ltr'>Panathenaeis</span> <span class='ocrx_word' id='word_1_291' title='bbox 1895 3341 1955 3390; x_wconf 87' lang='lat' dir='ltr'>ad</span> <span class='ocrx_word' id='word_1_292' title='bbox 1982 3341 2071 3389; x_wconf 87' lang='lat' dir='ltr'>Pa-</span> 
     </span>
    </p>
   </div>
  </div>
 </body>
</html>
