2114 3642
136 210 236 256 534
747 217 1155 252 COMMENTARws
1188 215 1252 245 ixi>
1282 215 1363 247 904.

137 352 271 398 1000
289 352 550 409 (200><5)
567 349 835 396 drachmas.
859 343 908 391 Si
929 344 1033 407 jam
1058 342 1107 389 in
1137 343 1356 406 qualibet
1385 344 1539 390 classe
1568 342 1974 406 quinquagesima

136 435 425 483 facultatum
452 451 565 498 pars
591 431 761 478 fuisset
788 425 1115 483 conferenda,
1157 425 1343 471 minimi
1372 432 1639 489 proventus
1667 424 1973 489 pentacosio-

136 541 410 590 medimnus
438 538 663 586 solvisset
695 535 793 581 120
821 532 1075 580 drachmas
1106 504 1301 609 (5³⁰3.OE
1359 568 1371 591 ο
1401 550 1549 596 eques
1577 540 1738 580 &sstem
1756 548 1863 578 Cum
1879 547 1976 576 ma-

136 648 268 696 ximo
298 647 396 691 499
425 642 765 690 drachmarum
793 647 1039 706 proventu
1066 639 1262 686 nonnisi
1305 640 1405 695 9973
1449 638 1706 687 drachmas
1747 637 1976 685 contulis-

295 727 404 764 499><
415 724 457 755 10

137 761 230 815 set,
262 738 455 831 (—-35—
509 786 517 807 ,
557 747 604 795 id
647 756 720 795 est
760 764 859 794 una
897 754 944 794 et
981 746 1155 809 viginti
1190 745 1434 794 drachmis
1461 746 1620 793 minus
1649 763 1796 809 quam
1824 744 1978 792 dictus

137 855 722 926 pentacosiomedimnus,
763 853 985 917 quamvis
1026 853 1103 900 hic
1139 871 1237 901 una
1265 860 1456 900 tantum
1485 853 1715 901 drachma
1741 854 1980 918 majorem

138 943 390 992 habuisset
417 940 643 988 reditum.
696 938 849 985 Porro
891 954 1038 1000 eques
1079 937 1255 1000 aliquis
1289 937 1473 984 minimi
1505 945 1778 1001 proventus
1807 936 1977 985 solvis-

656 1017 819 1057 3υυ><1υ

656 1074 818 1121 *50—

674 1151 812 1190 299><5

723 1223 767 1254 50

140 1307 287 1356 qnam
315 1305 490 1352 eques,
535 1285 759 1350 quamvis
799 1284 942 1348 hujus
983 1291 1253 1348 proventus
1292 1301 1389 1331 una
1423 1290 1613 1331 tantum
1643 1282 1874 1330 drachma
1904 1298 1980 1327 su-

140 1374 413 1439 peravisset
438 1369 650 1418 reditum
669 1366 930 1433 jugator-is.

139 1058 211 1099 set
242 1050 306 1096 60
336 1048 592 1096 drachmas
622 1026 648 1125 (
823 1030 879 1120 ),
907 1044 1101 1108 jugator
1129 1050 1292 1091 autem
1322 1044 1518 1092 maximi
1547 1051 1832 1108 proventus,
1860 1059 1981 1091 non-

139 1183 232 1231 nisi
260 1182 325 1228 29
355 1180 610 1229 drachmas
641 1158 667 1257 (
872 1194 881 1238 ;
920 1176 1071 1239 igitur
1111 1193 1207 1223 una
1247 1184 1292 1223 ct
1325 1176 1529 1238 triginta
1555 1175 1798 1224 drachmis
1825 1173 1983 1220 minus

284 1467 359 1515 Ex
384 1466 458 1513 his
485 1463 602 1512 satis
639 1470 801 1527 patet,
842 1477 1152 1525 nequaquam
1192 1462 1294 1508 fieri
1336 1462 1578 1525 potuisse,
1622 1469 1675 1509 ut
1701 1461 1784 1508 illa
1810 1477 1986 1507 census

142 1570 279 1616 pars,
320 1551 379 1598 de
421 1564 516 1612 qua
554 1547 787 1594 tributum
812 1553 932 1603 *erat
971 1543 1339 1602 conferendum,
1368 1544 1633 1592 see-undum
1660 1543 1898 1593 Boeckhii
1941 1549 1988 1589 et

144 1635 316 1684 Grotci
344 1631 619 1680 doctrinam
646 1636 1024 1692 computaretur.

287 1730 348 1776 Et
375 1745 517 1786 sane,
554 1726 671 1791 quid
698 1743 821 1791 opus
848 1725 1021 1773 fuisset
1047 1725 1138 1773 hac
1166 1726 1530 1790 computatione
1548 1726 1572 1771 ’.Ρ
1624 1726 1830 1774 Constat
1857 1725 1986 1772 enim

144 1834 169 1864 e
196 1813 587 1880 possessionibus
616 1810 954 1859 duodecimam
984 1810 1127 1874 pretii
1168 1818 1357 1873 partem
1385 1819 1504 1873 quot
1530 1811 1672 1858 annis
1700 1810 1886 1857 fruetus
1915 1808 1985 1855 in-

145 1905 245 1947 star
272 1896 487 1945 rediisse.
529 1893 834 1955 (Boeckh.
866 1892 1077 1941 Staatsh.
1106 1894 1142 1953 I,
1173 1894 1253 1941 24.
1284 1911 1331 1958 p.
1363 1893 1519 1956 199),
1571 1910 1660 1941 nee
1700 1892 1893 1957 uspiam
1920 1891 1986 1939 le-

145 1983 305 2045 gimus
344 1997 563 2028 annuum
603 1978 823 2042 equitum
861 1984 945 2024 aut
975 1976 1263 2041 jugator-um
1306 1977 1519 2024 fructum
1560 1977 1801 2025 minorem
1841 1975 1987 2023 fuisse

147 2062 437 2113 duodecima
475 2061 842 2128 possessionum
878 2060 1020 2125 pretii
1048 2068 1216 2124 parte3
1257 2060 1374 2123 quin
1404 2061 1548 2107 etiam
1577 2060 1815 2119 arbitror,
1858 2058 1988 2122 equi-

146 2148 276 2196 tibus
304 2154 350 2194 et
367 2146 683 2211 jugatoribus
711 2144 948 2208 majorem
989 2143 1221 2206 obtigisse
1260 2143 1500 2205 fructum,
1540 2144 1653 2207 quia
1679 2142 1988 2208 pentacosio-

148 2229 406 2289 medimni,
448 2235 498 2276 ut
523 2227 893 2277 latifundiorum
920 2242 1253 2289 possessores,
1296 2225 1494 2273 elocatis
1521 2226 1620 2273 suis
1649 2225 1863 2290 praediis
1891 2241 1991 2272 non

151 2313 442 2361 obtinebant
481 2311 591 2376 plus
629 2311 773 2358 solito
816 2308 1027 2368 locario,
1069 2307 1200 2372 quod
1241 2306 1582 2356 duodecimam
1622 2308 1990 2372 possessionum

152 2396 295 2463 pretii
321 2402 513 2460 partem
541 2411 641 2441 non
668 2392 948 2457 superabat.
1003 2392 1205 2455 Equites
1248 2399 1294 2439 et
1326 2392 1579 2456 jugatores
1620 2398 1784 2439 autem
1822 2391 1989 2439 verisi-

151 2481 265 2528 mile
306 2488 377 2527 est
414 2479 549 2542 ipsos
589 2477 689 2525 ruri
730 2493 851 2540 opus
892 2475 1090 2535 fecisse,
1142 2482 1195 2522 ut
1235 2475 1452 2535 lucrum,
1494 2475 1623 2539 qnod
1666 2475 1991 2523 conductores

154 2565 371 2628 ipsorum
399 2561 711 2618 habuissent,
751 2559 842 2606 sibi
870 2559 989 2624 ipsis
1015 2559 1298 2607 retinerent.

297 2656 547 2705 Gravibus
587 2655 735 2715 igitur
774 2654 930 2701 causis
972 2654 1171 2701 adducti
1199 2653 1471 2714 credimus,
1513 2654 1699 2718 equites
1729 2657 1991 2717 etjugato-

158 2758 232 2788 res
260 2740 315 2787 de
344 2739 474 2787 omni
502 2755 678 2799 censu,
719 2756 817 2785 non
858 2745 1021 2785 autem
1049 2738 1107 2785 de
1136 2754 1309 2785 census
1338 2745 1477 2801 parte
1512 2738 1675 2800 aliqua
1714 2738 1991 2785 contulisse.

301 2835 405 2882 Hoc
432 2833 740 2882 commendat
771 2833 988 2897 justitiae
1031 2840 1077 2880 ct
1116 2833 1375 2896 aequitatis
1416 2833 1565 2892 ratio,
1608 2849 1874 2895 omnesque
1909 2849 1993 2880 ex-

160 2917 312 2965 cludit
350 2917 686 2974 difficultates,
729 2935 849 2979 quas
889 2917 938 2964 in
980 2917 1342 2981 computatione
1374 2915 1605 2964 ssoeckhii
1647 2923 1692 2963 et
1720 2915 1889 2964 Grotei
1928 2916 1993 2962 vi—

162 3001 331 3048 dimus.

305 3095 502 3157 Equites
544 3105 590 3143 (ft
620 3098 876 3160 jugatores
918 3096 1112 3143 minime
1155 3104 1350 3159 poterat
1391 3096 1670 3159 pfwnitere,
1712 3096 1841 3158 quod
1871 3114 2024 3143 nun--

163 3197 305 3244 quam
336 3177 489 3241 majus
518 3178 749 3226 tributum
791 3180 1110 3238 cmitulcrint,
1153 3197 1293 3242 quam
1337 3179 1466 3241 quod
1507 3197 1613 3225 cum
1654 3179 1828 3225 annuis
1868 3178 1993 3242 ipso-

163 3280 270 3309 rum
298 3259 556 3314 reditibus,
598 3262 779 3309 scilicet
818 3263 949 3326 apud
991 3263 1176 3325 equites
1216 3280 1244 3309 a
1272 3263 1372 3307 300
1402 3279 1552 3325 usque
1582 3261 1681 3305 499
1712 3261 1993 3321 drachmas,

166 3355 212 3392 ct,
239 3344 367 3408 apud
388 3344 642 3407 jugatorcs
670 3362 696 3388 a
725 3346 825 3390 5200
852 3362 1005 3407 usque
1034 3345 1134 3390 299
1164 3344 1446 3402 drachmas,
1487 3344 1810 3391 convenisset.
