2161 3673
692 229 1054 264 MAcrsrRA‘ros
1078 231 1324 264 NAVALES.
1834 212 1902 260 '79

221 443 452 507 Νεωρίων
489 438 615 505 ἀρχή
654 441 955 502 ἐπιμελεῖται
994 437 1097 487 τῶν
1135 439 1356 502 νεωρίων
1388 439 1478 486 καὶ
1514 435 1617 485 τῶν
1644 439 1899 494 σκευοθη-

79 524 188 575 κῶν
215 529 301 575 καὶ
330 525 532 577 πάντων
557 521 659 571 τῶν
685 525 790 585 περὶ
823 519 906 577 τοὶς
932 520 1057 576 ναῦς
1085 521 1295 570 σκευῶν.

898 607 1042 666 (Lex.
1071 606 1270 672 Seguer.
1298 605 1496 656 Bekker
1520 624 1567 672 p.
1595 605 1756 664 282.)

216 788 477 838 Navalium
514 787 827 851 magistratus
863 803 1029 835 curam
1066 785 1194 848 gerit
1231 784 1477 835 navalium
1509 791 1557 833 et
1580 782 1902 833 armariorum

79 879 126 920 et
152 871 367 920 omnium
393 869 455 919 ad
482 887 634 920 naves
661 876 1086 919 armamentorum.

209 1056 277 1109 “O
303 1060 592 1123 παρέλαβον
617 1059 663 1106 οἱ
689 1056 793 1105 τῶν
817 1060 1030 1121 νεωρὶωι
1063 1057 1347 1119 ἐπιμεληταὶ
1379 1052 1513 1119 παρὰ
1540 1056 1764 1119 νεωρίων
1789 1059 1899 1104 ἐπι-

74 1142 302 1207 μελητῶν
339 1141 441 1191 τῶν
478 1145 558 1202 ἐφ’
598 1138 709 1197 ἑνὸς
748 1136 1027 1205 ἄρχοντος,
1079 1137 1234 1187 τοῦτο
1279 1135 1643 1201 παραδότωσαν
1682 1141 1904 1203 νεωρίων

80 1231 388 1290 ἐπιμεληταῖς
412 1231 517 1282 τοῖς
542 1228 622 1286 ἐφ’
649 1227 816 1288 ἑτέρου
843 1219 1104 1291 ἄρχοντος.

759 1307 1000 1370 (Boeckh.
1027 1307 1247 1373 inscript.
1274 1307 1498 1357 nauticae
1527 1326 1572 1374 p.
1600 1307 1762 1367 402.)

219 1488 362 1550 Quod
387 1488 637 1538 navalium
670 1495 917 1538 curatores
943 1494 1241 1553 acceperunt
1266 1504 1295 1535 a
1320 1487 1572 1537 navalium
1597 1487 1902 1537 curatoribus

78 1570 169 1621 sub
220 1573 381 1638 priore
432 1571 689 1632 archonte,
740 1571 791 1621 id
828 1571 1026 1622 tradant
1067 1570 1316 1620 navalium
1353 1571 1660 1621 curatoribus
1698 1571 1789 1621 sub
1830 1587 1903 1620 se-

80 1663 258 1720 quente
285 1655 532 1705 archonte.

931 1725 1047 1775 318.

224 1804 356 1864 Τούς
381 1811 756 1875 γεγραμμένους
781 1811 837 1857 ἐν
862 1807 920 1871 τῇ
949 1804 1099 1871 στήλῃ
1122 1804 1425 1869 ὀφείλοντας
1452 1804 1514 1855 τοὶ
1541 1805 1695 1867 σκεύη
1720 1806 1778 1871 τῇ
1809 1805 1905 1857 πό·-

80 1893 150 1939 λει
183 1885 210 1950 ἦ
250 1888 379 1955 ἀρχὴ
416 1890 545 1953 [τῶν
570 1893 819 1955 νεωρίων]
859 1890 1224 1956 παραλαβοῦσα
1264 1888 1396 1955 παρὰ
1431 1889 1512 1950 τῆς
1546 1894 1782 1955 προτέρας
1809 1889 1904 1956 ἀρ·-

74 1973 196 2034 χῆς,
235 1974 305 2038 τῷ
334 1971 474 2037 δήμῳ
502 1972 809 2038 παραδίδωσι
836 1974 966 2024 κατά
993 1996 1044 2024 τε
1069 1971 1164 2024 τὸν
1189 1974 1355 2039 νόμον
1380 1977 1470 2022 καὶ
1498 1972 1557 2022 τοὶ
1587 1977 1903 2040 ψηφίσματα.

663 2061 940 2121 (Demosth.
968 2062 1019 2111 in
1045 2061 1225 2125 Everg.
1252 2069 1301 2109 et
1328 2059 1536 2110 Mnesib.
1568 2061 1762 2122 1145.).

935 2169 964 2216 3
1005 2169 1051 2217 8.

222 2237 320 2288 Eos
346 2237 428 2304 qui
453 2238 502 2287 in
527 2239 628 2305 pila
651 2239 873 2306 inscripti
898 2168 1036 2301 sun1t‚
1076 2246 1129 2288 ut
1154 2238 1453 2306 reipublicae
1482 2237 1722 2290 debentes
1748 2256 1903 2291 arma-

79 2329 269 2384 menta,
308 2324 618 2387 magistratus
644 2324 894 2373 navalium
925 2324 1170 2390 accipiens
1196 2340 1225 2372 a
1254 2324 1417 2389 priore
1457 2324 1768 2387 magistratu,
1808 2333 1902 2374 tra-

81 2405 163 2456 dat
188 2407 398 2472 popu10,
438 2414 491 2456 ut
518 2413 566 2455 et
590 2406 670 2457 lex
697 2415 745 2457 et
771 2407 967 2457 decreta
982 2407 1179 2473 jubent.

209 2590 276 2643 ‘O
306 2594 410 2644 τῶν
446 2597 666 2659 νεωρίων
703 2593 989 2660 ἐπιμελητὴς
1026 2592 1307 2659 εἰσπράττει
1340 2592 1599 2657 χρήματα,
1628 2598 1679 2653 ἐξ
1706 2588 1778 2643 ὧν
1804 2616 1901 2644 πα-

79 2678 311 2741 ρατίθησι
338 2675 400 2726 τὰ
427 2677 579 2737 σκεύη
604 2685 709 2735 ταῖς
734 2682 1064 2735 ἐκπλεούσαις
1090 2682 1286 2729 ναυσὶν.

910 2764 1189 2825 (Demosth.
1218 2781 1256 2812 e.
1285 2761 1574 2812 Androtion.
1603 2763 1758 2823 612.).

924 2873 1041 2922 319.

213 2941 476 2995 Navalium
503 2951 698 2994 curator
720 2942 981 3011 pecuniam
1006 2942 1182 3007 exigit,
1223 2960 1248 2990 e
1284 2959 1380 3004 qua
1405 2950 1692 2993 armanenta
1717 2960 1896 3009 suppe-

75 3028 195 3079 ditat
222 3028 458 3089 navibus‚
501 3044 624 3092 quae
651 3028 959 3092 ablegantur.

926 3124 1040 3172 320.

224 3202 355 3261 Τοῦς
382 3201 483 3253 τῶν
510 3204 730 3268 νεωρίων
767 3202 1057 3269 ἐπιμελητάς
1097 3201 1413 3266 παραδοῦναι
1456 3208 1556 3259 τοῖς
1581 3200 1895 3267 τριηράρχοις

74 3283 159 3344 τὰς
184 3288 308 3343 ναῦς
334 3292 425 3337 καὶ
455 3286 512 3336 τά
542 3287 694 3346 σκεύη
721 3287 854 3336 κατὰ
880 3285 942 3336 τοὶ
972 3284 1246 3353 δεδογμένα
1272 3285 1345 3350 τῷ
1371 3284 1521 3351 δήμῳ.

704 3373 944 3433 (Boeckh.
971 3371 1186 3436 inscript.
1213 3379 1346 3420 naut.
1373 3390 1420 3437 p.
1450 3372 1564 3434 462,
1597 3372 1752 3429 184).
