2114 3642
181 243 287 293 638
786 251 1195 287 COMMENTAmos
1223 251 1293 283 AD
1323 248 1427 284 1559.

179 388 472 436 'constrictos
510 383 747 435 admorsis
786 378 981 429 tradere
1021 378 1208 438 solent,
1246 377 1315 427 ita
1354 377 1424 427 illi
1464 396 1552 427 vos
1579 377 1694 426 huic
1721 378 1909 444 populo
1935 383 2031 426 tra-

181 470 329 532 dunt,
371 486 513 534 quem
542 484 628 515 vos
654 463 842 531 injuriis
870 462 1132 521 affecistis,
1172 478 1229 510 ac
1257 461 1434 510 deinde
1464 459 1762 527 disparent.)

325 552 472 617 Apud
498 551 749 598 Romanos
773 547 811 594 si
834 546 1116 612 quadrupes
1145 547 1434 611 pauperiem
1461 546 1636 594 fecisse
1666 546 1873 607 dicetur,
1902 545 2032 595 actio

181 653 206 685 e
245 636 354 700 lege
394 633 504 682 XII.
536 632 820 680 tabularum
859 628 1140 691 descendit,
1182 647 1306 694 quae
1347 630 1502 678 voluit
1537 636 1621 677 aut
1649 629 1753 678 dari
1779 627 1856 689 id,
1903 627 2033 692 quod

180 719 371 777 nocuit,
411 715 459 764 id
486 722 559 764 est
584 714 633 763 id
661 714 870 774 animal,
911 712 1044 777 quod
1084 712 1286 761 noxiam
1313 713 1579 773 commisit,
1622 718 1706 760 aut
1735 711 2033 761 aestimatio-

183 818 295 850 nem
322 799 496 848 noxiae
525 798 705 847 offerri.
747 797 1034 863 (Ulpian.
1074 797 1224 845 libr.
1265 796 1454 846 XVIII.
1494 796 1567 845 ad
1611 796 1815 844 Edict.
1857 795 1928 843 fr.
1960 796 2032 852 1.)

322 880 503 931 Damni
530 881 737 947 injuriae
766 881 893 929 actio
923 879 1235 929 constituitur
1262 898 1350 945 per
1382 880 1546 942 legem
1572 877 1850 944 Aquiliam,
1894 877 2032 943 cujus

179 966 337 1031 primo
365 965 525 1031 capite
553 972 751 1014 cautum
781 970 877 1023 est,
918 970 971 1010 ut
997 962 1035 1010 si
1065 964 1172 1027 quis
1199 962 1449 1012 hominem
1477 963 1719 1024 alienum,
1756 955 2032 1011 alienamve

180 1048 565 1114 quadrupedem,
594 1064 718 1112 quae
746 1046 992 1111 pecudum
1022 1063 1224 1094 numero
1253 1046 1342 1107 sit,
1370 1046 1549 1110 injuria
1576 1044 1832 1108 occiderit,
1863 1044 2036 1109 quanti

181 1149 240 1180 ea
267 1148 346 1180 res
371 1133 422 1179 in
450 1148 507 1179 eo
535 1147 665 1178 anno
694 1129 889 1195 plurimi
917 1128 1088 1189 fuerit,
1125 1135 1317 1177 tantum
1346 1145 1428 1178 aes
1456 1127 1657 1177 domino
1685 1127 1802 1177 dare
1831 1127 2032 1177 damne-

179 1222 270 1264 tur.
314 1212 1037 1280 (Gajilnstit.111,210.]

957 1353 1057 1406 Ad
1085 1353 1276 1407 1⁵59.

328 1465 692 1531 Thucydid.
733 1465 796 1526 II,
841 1465 933 1512 17:
981 1466 1170 1527 Locus,
1212 1465 1294 1530 qui
1333 1465 1426 1514 sub
1467 1481 1576 1515 arce
1617 1472 1716 1527 est,
1757 1463 2037 1531 appellatur

184 1551 526 1614 Pelasgicum,
568 1551 618 1598 in
661 1567 757 1615 quo
791 1567 853 1602 ne
880 1549 1213 1611 habitaretur,
1255 1549 1390 1599 dirae
1419 1549 1781 1599 exsecrationes
1808 1547 2036 1615 prohibe-

182 1633 305 1683 bant
332 1642 380 1682 et
406 1632 654 1698 quoddam
682 1632 829 1682 etiam
858 1632 1040 1680 oraculi
1068 1632 1264 1696 Pythici
1289 1649 1488 1681 carmen
1515 1633 1588 1681 his
1617 1633 1780 1682 verbis
1808 1631 2036 1681 vetabat:

188 1719 382 1782 „egisse
399 1715 711 1782 Pelasgicum
729 1717 829 1766 otia
844 1716 1095 1783 praestat“
1127 1712 1208 1778 (τὸ
1226 1712 1563 1783 Πελασγικὸν
1591 1712 1753 1782 ἀργὸν
1780 1709 2038 1779 ἄμεινον).

326 1800 505 1850 Rhodii
542 1800 838 1865 peculiarem
881 1799 1134 1848 habebant
1161 1799 1221 1849 de
1250 1798 1458 1849 nauticis
1487 1800 1678 1849 damnis
1706 1801 1896 1864 legem,
1943 1815 2040 1864 qua

185 1892 416 1945 cavetur,
456 1892 508 1933 ut
547 1884 587 1932 si
627 1881 869 1932 levandae
909 1883 1048 1932 navis
1089 1884 1250 1948 gratia
1281 1884 1442 1949 jactus
1482 1883 1720 1933 mercium
1749 1884 1909 1933 factus
1938 1889 2037 1943 est,

186 1969 425 2019 damnum
458 1968 671 2018 omnium
710 1966 1076 2017 contributione
1114 1967 1376 2030 sarciatur,
1418 1967 1549 2033 quod
1577 1987 1666 2035 pro
1695 1968 1925 2017 omnibus
1953 1966 2036 2016 da-

186 2059 287 2102 tum
317 2059 403 2101 est.
454 2052 490 2102 J
494 2059 606 2102 actu
634 2052 775 2101 navis
803 2052 970 2101 levata
996 2052 1033 2100 si
1063 2051 1292 2118 perierit,
1335 2053 1567 2102 extractis
1594 2052 1802 2101 aliorum
1827 2068 1918 2118 per
1944 2049 2037 2098 uri-

186 2144 381 2185 natores
408 2135 679 2198 mercibus,
721 2136 824 2202 ejus
852 2153 1048 2201 quoque
1076 2135 1318 2185 rationem
1344 2135 1516 2185 haberi
1550 2136 1761 2202 placuit,
1804 2135 1887 2201 qui
1912 2150 2036 2182 mer-

187 2237 267 2269 ces
294 2221 431 2270 salva
463 2237 590 2269 nave
625 2218 850 2285 jactavit.
904 2220 1044 2269 Nave
1084 2220 1165 2269 vel
1207 2220 1382 2270 arbore
1421 2220 1472 2268 vi
1511 2220 1819 2286 tempestatis
1859 2217 2040 2268 amissa

188 2310 413 2353 vectores
439 2303 501 2352 ad
527 2303 945 2352 contributionem
973 2321 1076 2352 non
1115 2310 1359 2365 tenentur,
1389 2303 1482 2353 nisi
1509 2303 1628 2370 ipsis
1656 2303 1881 2353 arborem
1909 2302 2034 2351 salu-

186 2387 246 2436 tis
273 2403 420 2436 causa
446 2387 731 2436 eruentibus
758 2388 898 2437 navis
925 2388 1064 2437 salva
1089 2388 1164 2436 sit.
1205 2386 1471 2437 Levandae
1498 2387 1638 2437 navis
1661 2387 1821 2452 gratia
1847 2402 2035 2436 merces

179 2471 238 2520 in
276 2470 512 2537 scapham
552 2472 847 2537 transjectas
887 2478 1033 2536 atque
1072 2471 1184 2521 ideo
1225 2471 1430 2520 amissas
1479 2471 1802 2520 intributione
1844 2487 2036 2530 earum,

189 2571 312 2619 quae
339 2555 391 2603 in
417 2555 534 2604 navi
560 2556 725 2605 salvae
764 2555 996 2617 fuerunt,
1036 2555 1170 2605 refici
1203 2555 1459 2617 convenit3
1499 2572 1625 2605 nave
1652 2561 1817 2604 autem
1843 2554 2039 2621 perdita

190 2646 510 2689 conservatae
539 2656 650 2688 cum
680 2639 927 2688 mercibus
954 2639 1166 2706 scaphae
1195 2640 1319 2689 ratio
1348 2657 1449 2688 non
1475 2639 1697 2689 habetur.
1727 2638 1938 2688 Collatio
1965 2638 2036 2686 in-

191 2721 473 2772 tributionis
498 2723 562 2771 ob
582 2723 772 2788 jactum
798 2725 938 2774 salva
963 2741 1091 2774 nave
1120 2724 1223 2773 fieri
1259 2723 1421 2773 debet.
1477 2723 1590 2784 (Pa
1607 2722 1727 2772 ulli
1767 2722 1800 2772 S
1818 2738 1842 2770 e
1858 2729 1936 2770 nt.
1974 2718 2038 2781 II,

193 2801 239 2864 7,
268 2803 340 2853 ad
367 2805 574 2871 legem
601 2806 960 2868 Rhodiam.)

334 2900 391 2947 In
418 2900 613 2950 Libro
647 2901 958 2950 Juridico
996 2900 1448 2968 Alphabetico
1481 2902 1584 2951 sive
1611 2900 1900 2967 Synopsi
1935 2899 2038 2948 Mi-

194 2995 348 3028 nore
390 2983 491 3041 (ed.
515 2984 780 3033 Zachariae
815 3003 843 3035 a
869 2985 1185 3051 Lingenthal.
1226 2985 1424 3051 Lipsiae
1454 2985 1617 3045 1856)
1651 3001 1829 3050 graece
1857 2982 2041 3049 scripta

193 3062 501 3128 reperiuntur
528 3067 691 3132 capita
718 3067 866 3132 Legis
894 3067 1142 3128 Rhodiae,
1172 3073 1220 3115 et
1245 3068 1441 3132 quidem
1469 3067 1752 3133 sequentia:
2017 3132 2022 3136 .

340 3146 437 3195 1-0.
480 3148 646 3206 Ναῦς,
688 3147 779 3198 ἐὰν
806 3148 1132 3215 προσκρούσῃ
1161 3152 1297 3214 ἑτέρᾳ
1329 3151 1416 3208 ινηῖ·
1436 3152 1527 3197 καὶ
1553 3150 1750 3214 βυθίσῃ
1777 3145 1958 3207 αὐτὴν,
1993 3148 2042 3195 εἰ

188 3227 287 3293 μὲν
325 3225 481 3285 πολλή
519 3230 610 3291 βία
648 3232 746 3280 τοῦ
783 3229 976 3296 ἀνέμου
1016 3236 1119 3282 ἐστὶ
1159 3235 1249 3279 καὶ
1290 3234 1531 3293 φαίνεται
1571 3228 1672 3279 ἀπὸ
1698 3229 1916 3289 τούτου,
1959 3226 2037 3279 ὅτι

199 3306 321 3358 οὔτε
360 3307 459 3357 ἀπὸ
500 3315 687 3368 κακίας
727 3312 848 3365 οὔτε
887 3314 989 3366 ἀπὸ
1032 3315 1263 3381 ἀμελείας
1300 3317 1394 3365 τοῦ
1447 3313 1766 3380 κυβερνήτου
1804 3319 1894 3363 καὶ
1933 3313 2036 3363 τῶν

199 3393 402 3443 ναυτῶν
440 3393 540 3442 τῶν
579 3398 633 3442 ἐν
670 3396 730 3458 τῇ
769 3404 1024 3464 σωζομένη
1057 3395 1189 3459 νηῖ’ἧ
1219 3397 1540 3464 ἀπολλυμένη
1583 3398 1704 3455 ιάὗς
1743 3400 2032 3463 ἐβυθίσθη,
