2161 3673
240 194 307 241 80
826 242 829 244 ,
958 201 1037 232 Jns
1066 197 1340 231 PUBLICUM.

383 403 643 454 Navalium
680 406 923 449 curatores
961 394 1158 443 tradant
1194 395 1471 446 trierarchis
1508 412 1662 445 naves
1688 401 1737 444 et
1761 399 2062 444 armamenta

241 488 510 539 secundum
536 487 728 535 decreta
752 479 936 547 populi.
1093 549 1190 596 321

371 625 438 676 ‘O
462 629 563 674 τῶν
588 617 918 687 τριηροποιῶν
950 619 1131 683 ταμίας
1169 621 1305 667 ἐστὶν
1344 615 1620 678 ἀποδέκτης
1658 617 1759 667 τῶν
1785 614 2060 681 χρημάτων

246 711 342 760 τῶν
375 708 786 769 ἀναλισκομένων
811 709 915 758 τοῖς
940 699 1381 761 κατασκευάζουσι
1408 701 1496 759 τὰς
1521 701 1741 767 τριήρεις.

563 787 842 851 (Demosth.
869 805 908 836 c.
939 786 1226 838 Androtion.
1256 787 1370 837 598.
1399 795 1448 838 et
1472 788 1620 837 schoL
1650 787 1764 849 598,
1794 786 1918 847 20.)

1088 881 1204 930 321.

378 959 619 1020 Quaestor
645 953 895 1004 navalium
922 953 1176 1003 fabrorum
1198 959 1271 1002 est
1296 960 1521 1019 receptor
1548 953 1891 1019 pecuniarum,
1935 967 2059 1016 quae

238 1044 330 1093 illis
357 1043 557 1101 dantur,
597 1040 679 1105 qui
705 1039 875 1088 trieres
901 1037 1129 1086 fabricari
1155 1046 1341 1087 curant.

368 1215 694 1272 Ἀποστολεῐς
715 1252 726 1272 ,
756 1212 879 1262 δέκα
902 1209 997 1262 τὸν
1022 1209 1251 1277 ἀριθμὸν
1276 1208 1545 1277 ἄρχοντες,
1574 1213 1623 1261 οἱ
1648 1215 1727 1261 ἐπὶ
1752 1211 1837 1271 τῆς
1862 1214 2058 1274 ἐκπομ-

239 1300 327 1360 πῆς
352 1300 454 1348 τῶν
478 1296 739 1348 πλεουσῶν
763 1295 974 1363 τριήρων
1000 1299 1089 1344 καὶ
1129 1295 1231 1344 τῶν
1270 1293 1605 1364 ἀναγομένων
1644 1294 1835 1344 στόλων
1873 1292 2059 1343 ἀποδε-

238 1383 499 1451 δειγμένοι.
1056 1381 1283 1442 (Bekker
1310 1381 1495 1432 Anecd.
1521 1399 1594 1446 gr.
1622 1382 1658 1430 Ι.
1687 1400 1733 1447 p.
1760 1382 1917 1441 435.)

1086 1478 1203 1526 322.

374 1550 678 1609 Navarchae,
705 1566 907 1599 numero
933 1548 1104 1598 decem
1130 1550 1456 1615 magistratus,
1483 1548 1545 1597 ad
1573 1547 1861 1598 emittendas
1887 1548 2057 1597 trieres

235 1643 282 1685 et
299 1641 613 1685 excurrentes
639 1633 818 1683 classes
846 1632 1102 1698 designati.

1085 1727 1200 1775 323.

381 1796 746 1859 Ναυφύλακες,
775 1792 1016 1860 ἄρχοντές
1042 1798 1172 1845 εἰσιν
1197 1800 1275 1845 ἐπὶ
1304 1795 1385 1855 τῆς
1410 1795 1513 1844 τῶν
1537 1796 1668 1844 νεῶν
1694 1795 1939 1857 φυλακῆς.

1051 1881 1278 1955 (Bekker
1303 1881 1488 1933 Anecd.
1516 1899 1588 1946 gr.
1617 1883 1653 1932 Ι,
1682 1900 1727 1948 p.
1757 1882 1915 1941 283.)

376 2052 584 2102 Navium
624 2052 929 2115 inspectores
969 2057 1080 2098 sunt
1117 2051 1430 2114 magistratus
1459 2049 1518 2098 ad
1546 2049 1819 2099 custodiam
1858 2049 2057 2098 navium

236 2136 496 2185 constituti.

1013 2258 1195 2328 Τμῆμα
1233 2262 1292 2322 ς’.

655 2358 928 2421 Ἀρχαιῖ
1004 2361 1693 2421 στρατιωτικαὶ..

1020 2528 1182 2577 Sectio
1228 2529 1272 2576 6.

742 2624 1174 2687 Magistratus
1213 2622 1548 2671 militares.

383 2826 439 2871 Οἱ
460 2828 789 2874 καθίκαστον
805 2822 1043 2873 ἐνιαυτὸν
1062 2821 1512 2886 χειροτονούμενοι
1532 2829 1796 2892 στρατηγοὶ
1816 2825 1936 2873 δέκα
1952 2826 2058 2873 εἰσι.

1201 2909 1575 2974 (Hal-pocratiO:
1611 2911 1917 2974 στρατηγοί.)

381 3073 503 3122 Belli
518 3072 678 3135 duccS,
707 3078 787 3141 qui
816 3076 1076 3142 quotannis
1096 3093 1184 3142 per
1205 3077 1443 3140 suffragia
1467 3085 1707 3137 creantur,
1736 3085 1848 3126 sunt
1874 3076 2056 3126 decem.

380 3260 702 3327 Στρατηγούς
722 3273 1036 3326 χειροτονεῖν
1062 3270 1111 3323 ἐξ
1138 3260 1392 3313 ἁπάντων.

1411 3338 1613 3398 (Pollux
1642 3337 1776 3399 VIII,
1806 3339 1914 3396 87.)
