2114 3642
181 268 283 315 510
624 276 1032 312 coMMENTAfflt‘s
1063 275 1129 305 Λι)
1158 273 1238 308 713.
1269 272 1349 307 715.
1378 273 1458 308 717.
1491 275 1570 309 728.

961 424 1060 478 Aa
1104 426 1238 480 713.

323 544 488 593 Simile
517 539 631 605 quid
657 538 843 588 habent
869 536 1066 587 Scholia
1104 538 1154 586 in
1192 539 1443 589 Demosth.
1478 541 1585 589 fals.
1615 541 1764 607 legat.
1794 540 1911 601 378,
1942 539 2023 600 18,

181 635 228 676 et
253 629 302 676 in
330 626 627 685 Midianam,
668 623 784 684 541,
814 621 896 669 23.

963 724 1063 778 Ad
1108 726 1246 779 715.

321 837 646 888 Demosth.
685 837 749 885 in
789 835 1066 884 Midiam.
1108 854 1154 901 p.
1192 836 1319 884 529:
1361 836 1745 887 Thesmothctae
1777 837 2025 886 actionem

182 924 311 989 apud
339 923 596 972 Heliaeam
624 919 740 968 dent
767 920 895 967 intra
921 918 1024 967 dies
1063 919 1293 983 triginta,
1335 921 1397 968 ab
1426 937 1482 968 eo
1511 920 1613 981 die,
1656 940 1753 986 quo
1781 921 2025 970 accusatio

180 1008 330 1057 allata
368 1006 542 1066 fuerit,
583 1004 675 1051 nisi
716 1002 971 1067 publicum
1008 1001 1190 1066 aliquid
1231 1002 1492 1067 impediat,
1533 1012 1636 1052 tum
1678 1022 1795 1053 vero
1837 1012 1891 1053 ut
1930 1004 2027 1070 pri-

180 1109 314 1140 mum
337 1089 442 1139 fieri
469 1095 644 1154 potest.

965 1154 1065 1207 Ad
1108 1156 1246 1207 717.

323 1269 522 1320 Bekker
547 1269 734 1320 Anecd.
764 1285 835 1332 gr.
864 1270 900 1329 Ι,
930 1268 1059 1315 20οε
1082 1261 1149 1313 ‘A
1166 1284 1265 1312 ντι
1282 1283 1354 1332 γρ
1371 1284 1402 1312 α
1418 1285 1456 1326 φ
1472 1263 1524 1323 ή·
1556 1263 1693 1322 ἰδίως
1714 1267 1812 1330 μὲν
1837 1269 1893 1314 ἐν
1918 1271 2027 1321 ταῖς

180 1354 283 1404 τῶν
309 1350 509 1416 κλήρων
537 1348 879 1404 διαδικασίαις
907 1346 1194 1416 ἀντιγραφή
1223 1352 1452 1396 καλεῖται
1471 1387 1482 1406 ,
1526 1345 1653 1397 ὅταν
1678 1370 1778 1408 τις,
1816 1345 2030 1404 ἄπαιδος

182 1433 331 1494 ὄντος
358 1434 450 1484 τοῦ
486 1432 924 1493 τετελευτηκότος,
967 1432 1131 1497 ἑαυτῷ
1173 1431 1350 1495 φάσκῃ
1395 1432 1670 1497 προσήκειν
1708 1431 1802 1482 τὸν
1840 1433 2032 1497 κλῆρον

182 1519 315 1569 κατά
346 1519 489 1570 δόσιν
517 1515 547 1578 ἢ
573 1516 706 1567 κατὰ
734 1522 902 1586 γένος·
942 1515 1133 1572 κοινῶς
1162 1515 1216 1565 δέ
1239 1521 1375 1566 ἐστιν
1403 1515 1691 1585 ἀντιγραφή
1735 1523 1790 1566 ἐν
1816 1524 1922 1574 ταῖς
1950 1516 2032 1563 δί-

183 1625 298 1661 καις
323 1611 430 1660 ταῖς
458 1602 719 1668 δημοσίαις
759 1600 881 1666 (καὶ
910 1607 1014 1656 ταῖς
1044 1599 1223 1663 ἰδίαις)
1264 1598 1326 1648 τά
1356 1602 1458 1650 τῶν
1486 1600 1839 1664 δικαζομένων
1865 1598 2032 1668 γράμ-

179 1708 319 1753 ματα
347 1691 455 1752 περὶ
482 1686 576 1735 τοῦ
605 1684 911 1753 πράγματος,
941 1687 1032 1732 καὶ
1059 1683 1153 1732 τοῦ
1185 1682 1468 1752 φεύγοντος
1494 1689 1585 1733 καὶ
1611 1684 1704 1734 τοῦ
1736 1684 2031 1740 διώκοντος.

183 1774 415 1839 (Proprie
441 1772 492 1822 in
508 1770 946 1837 disceptationibus
974 1769 1305 1819 hereditatum
1320 1765 1608 1835 ἀντιγραφή
1628 1779 1845 1834 vocatur,
1875 1789 2028 1835 quum

185 1859 292 1922 quis
319 1857 642 1906 hereditatem
669 1855 901 1920 alicujus,
932 1854 1012 1918 qui
1040 1854 1144 1902 sine
1171 1854 1337 1903 liberis
1365 1862 1583 1904 mortuus
1612 1863 1713 1914 est,
1754 1856 1815 1904 ad
1842 1872 1893 1904 se
1921 1872 2031 1920 per-

183 1944 339 1991 tinere
381 1942 511 1991 dicat
549 1958 637 2007 per
677 1940 997 1990 donationem
1033 1940 1112 1987 vel
1140 1957 1164 1988 e
1193 1941 1636 2004 consanguinitate.
1692 1938 2033 1989 Communiter

184 2034 349 2076 autem
376 2019 661 2090 ἀντιγραφή
704 2023 933 2071 dicuntur
969 2022 1020 2070 in
1061 2022 1229 2071 litibus
1269 2023 1480 2088 publicis
1509 2030 1555 2072 et
1589 2023 1795 2090 privatis
1835 2022 2031 2085 litigan-

183 2111 330 2171 tium,
372 2116 420 2158 et
446 2107 661 2158 accusati
689 2114 738 2155 et
764 2107 1062 2167 accusantis,
1093 2105 1275 2171 scripta
1301 2105 1361 2154 de
1390 2125 1440 2155 re
1469 2108 1831 2166 contrnversa.)

329 2204 467 2255 Idem
494 2202 643 2252 habet
669 2221 714 2268 p.
745 2202 874 2264 4103
913 2202 998 2250 ubi
1025 2201 1116 2250 sub
1145 2218 1265 2250 voce
1294 2196 1654 2267 ἀντεγράψατο
1691 2202 1813 2251 haec
1840 2217 2032 2266 quoque

186 2290 444 2353 leguntur:
485 2287 576 2332 καὶ
606 2281 920 2351 ἀντιγραφαὶ
948 2287 1040 2331 καὶ
1068 2280 1383 2347 ἀντωμοσίαι
1413 2281 1601 2345 σχεδὸν
1628 2285 1678 2330 αἱ
1706 2280 1875 2331 αὐταί.

328 2383 511 2433 Pollux
540 2382 678 2443 VIII,
697 2382 789 2429 58:
822 2377 1143 2447 Ἀντιγραφή
1173 2389 1245 2430 est
1271 2380 1618 2442 recriminatio,
1648 2398 1760 2429 cum
1788 2380 1894 2444 quis
1920 2396 2032 2427 reus

186 2471 289 2536 ipse
318 2467 533 2517 vicissim
560 2473 773 2515 accusat.
804 2503 812 2514 .
844 2504 853 2513 .
882 2504 891 2513 .
921 2465 1123 2514 Ponunt
1148 2482 1267 2513 vero
1294 2464 1388 2512 hoc
1415 2464 1623 2513 actionis
1649 2480 1832 2512 nomen
1861 2469 2034 2510 contra

188 2552 574 2616 tergiversantes
615 2549 760 2597 simul
799 2549 1020 2597 actiones
1060 2549 1206 2614 ipsas.
1274 2547 1438 2596 Etiam
1475 2548 1543 2596 rei
1582 2547 1820 2613 scriptum
1862 2554 2033 2593 contra

191 2635 559 2684 accusationem
587 2640 660 2682 est
685 2632 1010 2681 recriminatio
1039 2631 1142 2680 sive
1172 2626 1474 2697 ἀντιγραφή,

332 2728 600 2795 Exemplar
638 2728 784 2793 hujus
825 2721 1138 2792 ἀντιγραφῆς
1178 2734 1250 2775 est
1287 2726 1334 2774 in
1360 2726 1713 2776 Demosthenis
1749 2726 1968 2775 oratione
1997 2726 2033 2773 Ι.

192 2816 242 2863 in
269 2814 579 2880 Stephanum
606 2830 652 2878 p.
685 2810 833 2859 1115.

976 2889 1074 2943 Ad
1104 2891 1254 2943 728.

336 3002 708 3069 Hyperides
758 3021 872 3069 pro
908 3002 1297 3067 Euxenippo
1338 2998 1380 3065 ξ.
1414 3000 1507 3047 1οε
1548 3001 1683 3050 Inter
1720 3007 1792 3047 tot
1833 3000 2034 3063 egregia

195 3086 404 3136 civitatis
430 3094 628 3136 nostrae
655 3087 881 3135 instituta
908 3086 1024 3150 quid
1052 3084 1305 3151 pulchrius
1334 3091 1428 3145 est,
1472 3084 1587 3147 quid
1615 3084 1845 3148 populari
1873 3100 2035 3132 rerum

197 3170 344 3219 statui
385 3170 784 3230 convenientius,
826 3186 971 3233 quam
1012 3168 1167 3216 cuivis
1207 3168 1387 3215 civium
1427 3166 1673 3232 permitti,
1716 3174 1767 3213 ut
1795 3155 1979 3214 homini
2008 3184 2035 3214 a

195 3255 285 3303 fori
309 3269 399 3301 usu
426 3251 601 3309 alienO,
618 3253 699 3315 qui
725 3254 774 3300 in
803 3253 1082 3301 certaminis
1109 3252 1381 3317 periculum
1409 3251 1647 3299 adductus
1674 3249 1845 3314 ipsese
1865 3248 2031 3296 defen-

198 3339 313 3387 dere
344 3342 579 3399 nequeat,
622 3336 670 3382 in
710 3337 801 3385 hoe
842 3345 1076 3402 suggestu
1117 3336 1403 3386 auxilietur,
1446 3343 1491 3382 et
1528 3333 1727 3396 quaein
1758 3350 1903 3380 causa
1931 3332 2034 3396 ejus

189 3421 323 3485 justa
350 3421 447 3468 sint
465 3420 658 3485 judices
686 3423 929 3471 edoceat?
