2161 3673
834 227 1098 259 EXCEPTIO.
1785 210 1882 258 163

44 347 235 409 ταύτην
272 347 367 409 τὴν
407 349 557 409 δίκην
595 351 868 414 κρίνεσθαι
909 350 1052 409 δέον,
1095 348 1211 399 οἷον
1237 347 1341 398 οὐκ
1367 352 1711 417 εἰσαγγελίας,
1753 346 1881 397 ἀλλὰ

44 432 380 499 παρανόμων,
422 431 483 482 οὐ
514 433 758 498 δημοσίᾳ,
800 432 928 482 ἀλλά
958 432 1091 497 ἰδίᾳ·
1133 431 1162 493 ἢ
1189 428 1253 490 ὦς
1280 431 1341 482 οὐ
1373 430 1507 498 παρά
1535 432 1736 489 τούτοις
1763 436 1882 497 κρί-

44 522 226 567 νεσθαι
255 517 397 577 δέον,
438 515 554 566 οἷον
581 515 683 565 οὐκ
711 521 766 569 ἐν
798 515 983 584 Ἀρείῳ
1011 516 1187 585 πάγῳ,
1227 515 1338 566 ἀλλ’
1366 520 1444 565 ἐπὶ
1474 515 1774 581 Παλλαδίῳ.

906 676 1006 724 662
1237 604 1438 666 (Pollux
1464 603 1601 666 VIII,
1632 605 1741 663 57.)

185 759 453 825 Exceptio,
493 775 618 824 quae
663 766 710 809 et
749 757 1001 808 translatio
1041 759 1242 807 testium
1281 759 1487 822 dicitur,
1529 766 1602 808 est
1641 776 1754 807 cum
1778 759 1884 824 quis

45 842 163 891 dicit
188 842 429 891 actionem
456 859 556 889 non
582 859 726 907 posse
754 842 1058 907 pertractari,
1088 842 1240 890 veluti
1260 842 1365 906 jam
1392 849 1506 891 ante
1525 842 1777 907 judicatus
1804 842 1884 891 vel

46 925 324 987 absolutus,
361 924 441 974 vel
469 926 772 992 temporibus
791 926 898 991 jam
925 926 1133 991 elapsis,
1171 926 1348 990 quibus
1377 943 1434 974 ea
1453 926 1726 991 judicanda
1753 934 1886 988 erat,

46 1009 124 1057 vel
151 1009 282 1075 quod
309 1026 408 1058 non
434 1009 527 1058 hoc
554 1009 758 1058 actionis
786 1027 968 1074 genere
1004 1016 1230 1076 oporteat
1248 1009 1489 1075 judicari,
1531 1010 1746 1075 exempli
1775 1028 1885 1058 cau-

45 1110 124 1142 sa:
163 1110 264 1141 non
291 1092 710 1154 denunciationiS,
739 1091 827 1142 sed
854 1093 1145 1141 violatarum
1171 1093 1365 1156 legum,
1401 1110 1502 1142 non
1530 1094 1754 1158 publica,
1795 1093 1882 1142 sed

46 1177 241 1242 privata
267 1178 486 1240 actione,
524 1177 605 1225 vel
632 1177 764 1242 quod
791 1194 892 1226 non
920 1176 1050 1242 apud
1079 1176 1168 1226 hos
1186 1176 1459 1242 judicanda
1484 1178 1560 1238 sit,
1588 1183 1760 1243 utpote
1788 1195 1887 1226 non

47 1261 97 1309 in
125 1259 414 1326 Areopago,
442 1260 528 1309 sed
556 1259 685 1325 apud
713 1259 1004 1308 Palladium.

906 1367 1022 1416 663.

174 1445 281 1498 ”Αν
318 1468 390 1504 τις
429 1445 693 1507 δικάζηται
735 1445 867 1512 παρά
908 1446 1030 1504 τούς
1070 1444 1286 1511 ὅρκους,
1330 1452 1513 1506 ἐξεῖναι
1541 1447 1612 1512 τῷ
1641 1446 1887 1515 φεύγοντι

48 1530 513 1601 παραγράψασθαι,
556 1529 676 1588 τούς
704 1530 753 1581 δὲ
783 1527 1037 1595 ἄρχοντας
1071 1534 1177 1595 περὶ
1206 1530 1394 1578 τούτου
1422 1530 1623 1595 πρῶτον
1650 1530 1888 1599 εἰσάγειν,

47 1622 209 1685 λέγειν
238 1615 286 1663 δὲ
315 1614 558 1680 πρότερον
583 1613 677 1663 τὸν
704 1612 1201 1684 παραγραψάμενον·
1242 1609 1482 1679 ὁπότερος
1510 1613 1553 1661 δ’
1581 1611 1649 1663 (ἲν
1678 1610 1887 1678 ἡττηθῇ,

48 1700 141 1760 τὴν
166 1701 448 1764 ἐπωβελίαν
475 1696 727 1761 ὀφείλειν·
767 1701 834 1747 ἵν’
882 1701 928 1747 οὶ
968 1696 1254 1763 τολμῶντες
1286 1705 1658 1763 μνησικακεῖν,
1693 1698 1765 1763 μὴ
1788 1698 1890 1763 μό-

51 1805 144 1834 νον
171 1783 528 1848 ἐπιορκοῦντες
557 1787 901 1850 ἐξελέγχοιντο
920 1821 932 1840 ,
966 1781 1090 1847 μηδὲ
1131 1781 1227 1841 τήν
1265 1780 1398 1847 παρά
1439 1782 1540 1830 τῶν
1570 1782 1706 1831 θεῶν
1731 1803 1887 1847 τιμω-

50 1872 166 1933 ρίαν
192 1862 526 1933 ὖπομένοιεν,
556 1865 684 1915 ἀλλά
711 1861 804 1915 ’καὶ
832 1865 1139 1935 παραχρῆμα
1169 1871 1441 1931 ζημιοῖντο.

892 1954 1119 2014 (Isocrat.
1148 1953 1256 2003 adv.
1285 1952 1571 2003 Callimach.
1601 1949 1645 2018 ξ.
1672 1953 1748 2013 2.)

917 2061 1033 2110 663.

193 2145 245 2194 Si
273 2145 379 2209 quis
405 2145 649 2193 actionem
674 2151 846 2193 contra
873 2143 1040 2193 datum
1058 2143 1405 2210 jusjurandum
1432 2144 1720 2205 institueret,
1750 2144 1892 2192 liceat

52 2235 280 2279 accusato
321 2228 611 2294 exceptione
651 2235 820 2277 contra
860 2227 1209 2277 admissionem
1247 2228 1449 2277 actionis
1489 2228 1585 2289 uti,
1638 2234 1889 2295 praetores

53 2331 168 2362 vero
209 2329 266 2360 ea
304 2311 364 2359 de
404 2328 455 2360 re
495 2311 707 2377 primum
745 2311 990 2373 referant,
1031 2318 1080 2359 et
1113 2311 1151 2358 is
1179 2311 1309 2359 dicat
1335 2311 1493 2376 primo
1520 2312 1654 2372 loco,
1697 2311 1777 2374 qui
1805 2328 1887 2360 ex-

53 2396 281 2462 ceptione
307 2394 487 2457 utitur3
525 2402 634 2444 uter
660 2412 776 2443 vero
803 2395 1142 2454 succubuerit,
1183 2395 1460 2460 epobeliam
1500 2394 1688 2454 solvat,
1728 2401 1782 2441 ut
1809 2394 1890 2457 qui

53 2479 282 2546 injuriam
319 2477 535 2541 cogitare
575 2479 679 2526 ausi
718 2478 926 2540 fuerint,
968 2495 1066 2527 non
1094 2478 1294 2543 perjurii
1322 2484 1514 2525 tantum
1540 2477 1889 2525 convinceren-

53 2570 145 2625 tur,
172 2578 330 2626 neque
359 2561 576 2611 divinam
601 2561 842 2611 duntaxat
868 2563 1104 2611 ultionem
1132 2561 1489 2627 expectandam
1517 2561 1773 2618 haberent,
1804 2561 1889 2609 sed

54 2646 311 2695 confestim
337 2645 483 2694 etiam
511 2662 697 2711 poenas
724 2645 913 2695 darent.

193 2819 251 2870 ’E
268 2843 300 2870 π
316 2824 480 2887 mlh-Z
499 2824 516 2870 ί
532 2841 562 2869 α
600 2820 655 2870 δέ
682 2826 782 2870 ἐστι
809 2818 868 2870 τὸ
894 2825 1049 2870 ἕκτον
1068 2824 1218 2885 μέρος
1244 2819 1336 2867 τοῦ
1366 2816 1653 2883 τιμήματος.

1502 2893 1747 2954 (Suidas.)

912 2967 1030 3016 664.

200 3052 288 3101 Est
311 3058 475 3101 autem
501 3049 729 3116 epobelia
753 3057 892 3101 sexta
917 3067 1032 3116 pars
1059 3048 1163 3113 ejus
1189 3064 1434 3110 summae,
1462 3049 1631 3113 quanti
1658 3049 1717 3098 lis
1744 3048 1887 3098 aesti-

62 3141 233 3185 matur.

914 3205 1030 3252 665.

204 3285 695 3356 Παραγράψασθαι,
736 3290 842 3353 περὶ
880 3279 954 3334 ὦν
993 3281 1060 3332 ἄν
1096 3303 1168 3338 τις
1209 3280 1356 3345 ἀφεὶς
1380 3288 1471 3333 καὶ
1498 3282 1785 3344 ἀπαλλάξας
1812 3283 1890 3332 δι-

67 3368 292 3429 κάζηται.
455 3372 735 3433 (Demosth.
763 3372 873 3422 adv.
902 3372 1189 3419 Pantaenet.
1221 3370 1335 3420 966,
1376 3371 1481 3422 Lex
1509 3371 1747 3429 Solonis.)

1530 3454 1610 3494 ιν-ι
