2114 3642
563 161 969 195 commendamus
996 161 1064 194 Ao
1092 163 1173 196 5⁸3.
1201 162 1283 195 sss.
1312 162 1393 195 890.
1421 161 1504 194 892.
1849 145 1948 196 527

112 287 595 353 πεντηκόνταρχος),
636 282 664 336 ὁ
705 283 880 351 ἅρχων
915 287 1001 346 τῆς
1040 286 1375 347 πεντηκοστῆς
1410 287 1504 336 τοῦ
1532 289 1704 342 τέλους
1731 290 1819 335 καὶ
1847 286 1950 335 τῶν

111 373 544 432 πἐντηκοοτωνῶν
571 376 641 433 (v.
668 374 698 421 l.
728 371 1123 432 πεντηκοοτῶν).

253 453 714 517 Πεντηκόοταρχος
752 456 900 519 igitur
940 464 1044 505 erat
1082 457 1360 521 praefectus
1414 456 1818 521 publicanorum,
1868 457 1949 519 qui

107 540 572 604 quinquagesimam
611 539 967 587 conduxerunt.

888 678 986 731 Ad
1020 679 1172 731 883.

254 778 350 839 Qui
377 777 617 826 decimam
655 777 947 839 exigebant,
989 777 1295 826 vocabantur
1335 773 1665 842 δεκατηλόγοι
1707 784 1754 825 et
1795 772 1949 822 δεκα-

112 862 281 906 τευταί
308 877 393 908 seu
419 859 756 909 decimatores
789 860 998 919 (Lexica
1025 859 1329 924 Segueriana
1355 879 1400 925 p.
1430 861 1546 922 239,
1577 869 1624 908 et
1651 860 1826 909 Suidas
1854 879 1889 909 s.
1907 878 1949 908 v.

112 939 455 1005 δεκατευτάς,)

252 1121 436 1170 Zenob.
465 1121 606 1170 Cent.
642 1122 678 1181 I,
708 1121 803 1169 ¹74:
831 1114 1039 1166 ”Ama
1072 1121 1196 1182 μὲν
1224 1117 1504 1167 Λεύκων
1541 1123 1742 1188 λέγει,
1784 1116 1949 1168 ἄλλα

111 1200 173 1249 δὲ
213 1201 334 1250 Δεύ
351 1222 559 1258 κωνος
599 1197 755 1258 ὄνος
793 1206 989 1266 φέρει.
1042 1205 1251 1269 Λέγεται
1273 1205 1370 1265 μὲν
1397 1206 1475 1251 ἐπὶ
1506 1203 1606 1251 τῶν
1635 1201 1950 1267 ἀσυμφώνως

109 1290 214 1340 τοῖς
250 1286 414 1352 ἔργοις
450 1284 571 1341 τούς
610 1283 794 1352 λόγους
834 1288 1206 1349 παρεχομένων.
1258 1284 1478 1334 Λεύκων
1515 1284 1612 1353 γάρ
1638 1306 1709 1342 τις
1736 1285 1951 1354 γεωργὸς

103 1371 304 1431 μέλιτος
331 1366 528 1425 ἀσκούς
554 1371 623 1424 εἰς
650 1366 883 1431 φορμοὺς
917 1365 1183 1432 ἐμβαλών,
1224 1366 1463 1432 ἐκόμιζεν
1495 1365 1772 1428 Ἀθήναζε.
1829 1374 1952 1432 Κρι-

107 1449 210 1508 θοὶς
236 1447 334 1501 οὖν
360 1459 464 1508 τοῖς
492 1457 709 1515 φορμοῖς
735 1448 974 1514 ἐμβαλών
991 1489 1003 1508 ,
1045 1445 1112 1506 ὦς
1150 1445 1279 1516 ὑπὲρ
1307 1452 1511 1516 κριθῶν
1538 1449 1720 1520 ὀλίγον
1746 1455 1952 1517 εἰσπρα-

102 1534 429 1599 χθησόμενος
457 1538 620 1591 τέλος,
666 1532 885 1597 ἐκόμιζε.
943 1533 1048 1582 Τοῦ
1091 1532 1135 1581 δ’
1172 1529 1302 1583 ὄνου
1343 1533 1612 1593 πεσόντος,
1654 1537 1700 1584 οἱ
1739 1536 1950 1584 τελῶναι

106 1618 362 1681 βοηθῆσαι
399 1616 738 1682 βουλόμενοι,
780 1618 983 1680 ἔμαθον
1023 1614 1100 1665 ὅτι
1133 1621 1246 1681 μέλι
1289 1622 1422 1676 ἐστὶ,
1461 1622 1552 1666 καὶ
1595 1616 1950 1686 ἀπηνέγκαντο

108 1698 238 1750 αὐτὸ
278 1697 346 1758 ὦς
385 1700 712 1760 ἁτελώνητον.
784 1702 1022 1762 (Aliud
1070 1703 1284 1752 Leuco
1335 1704 1718 1768 praedicat,
1771 1705 1949 1753 aliud

109 1787 432 1836 Leuconis
472 1788 696 1835 asinus
735 1787 1006 1851 bajulat.
1058 1786 1253 1835 Dicitur
1292 1786 1348 1835 de
1389 1787 1446 1835 iis
1486 1787 1567 1851 qui
1609 1787 1740 1835 aliud
1769 1787 1952 1836 faciunt

110 1877 158 1918 et
184 1870 314 1919 aliud
343 1870 523 1918 dicunt.
577 1870 742 1918 Leuco
782 1871 911 1918 enim
951 1870 1149 1933 quidam
1182 1871 1403 1934 agricola
1429 1871 1620 1936 injectis
1648 1870 1804 1919 mellis
1832 1871 1949 1918 utri-

110 1953 201 2001 bus
239 1954 289 2002 in
327 1954 524 2011 corbes,
566 1953 787 2002 Athenas
825 1953 1068 2018 portabat.
1127 1953 1371 2002 Corbibus
1423 1962 1584 2003 autem
1635 1954 1952 2019 superposuit

108 2036 371 2099 hordeum,
411 2044 659 2101 tamquam
685 2036 932 2085 modicum
958 2037 1171 2100 vectigal
1210 2037 1459 2086 soluturus
1486 2056 1576 2103 pro
1604 2037 1801 2086 hordeo.
1854 2037 1950 2085 Sed

108 2119 316 2168 cadente
343 2121 507 2181 asino,
549 2137 700 2184 quum
737 2119 986 2185 publicani
1015 2138 1159 2185 opem
1185 2129 1435 2185 praestare
1470 2120 1678 2181 vellent,
1718 2121 1948 2169 viderunt

108 2203 205 2251 mel
231 2220 363 2264 esse,
405 2211 452 2252 et
480 2204 812 2252 confiscarunt
838 2202 983 2265 illud,
1025 2203 1155 2267 quod
1196 2203 1255 2252 de
1295 2204 1377 2252 illo
1419 2221 1516 2252 non
1556 2204 1700 2253 fuerit
1735 2205 1949 2253 solutum

109 2286 366 2350 vectigal.)
890 2353 989 2407 Ad
1016 2356 1149 2408 890

253 2464 399 2529 Apud
437 2464 692 2530 Sybaritas
732 2465 842 2529 lege
883 2472 1080 2513 cautum
1118 2473 1246 2526 erat,
1295 2482 1355 2514 ne
1395 2465 1635 2514 tributum
1673 2466 1947 2531 penderent

108 2547 190 2611 qui
217 2547 461 2611 anguillas
488 2549 570 2596 vel
596 2548 868 2596 venderent
894 2549 973 2596 vel
1006 2549 1326 2613 piscarentur.
1381 2548 1694 2613 Parsterque,
1736 2550 1818 2615 qui
1846 2568 1945 2598 ma-

107 2631 215 2679 rina
254 2648 471 2696 purpura
510 2639 670 2680 vestes
710 2632 998 2696 tingebant⁷
1039 2640 1123 2681 aut
1161 2648 1427 2697 purpuram
1461 2633 1820 2697 importabant,
1864 2650 1946 2680 eos

106 2714 345 2762 immunes
373 2731 401 2762 a
429 2715 754 2778 vectigalibus
782 2732 887 2763 esse
917 2715 1195 2764 voluerunt.
1224 2714 1547 2774 (Athenae
1566 2733 1631 2763 us
1658 2716 1770 2777 XII,
1802 2716 1944 2773 52¹.)

887 2854 986 2908 Ad
1015 2856 1165 2910 892.

249 2964 480 3014 Nondum
509 2964 626 3013 satis
653 2974 869 3022 constat,
899 2966 1013 3030 quid
1042 2966 1219 3014 fuerint
1245 2965 1345 3030 adj
1365 2983 1388 3013 e
1407 2966 1624 3014 ctione
1643 2986 1663 3014 s
1693 2970 1942 3029 (προςκα-

108 3045 445 3111 ταβλήματα).
506 3049 777 3098 Platner
793 3068 820 3097 0
860 3050 1055 3098 videtur
1095 3050 1330 3109 (Process
1370 3052 1404 3097 1.
1446 3068 1491 3115 p.
1521 3051 1614 3109 40)
1656 3048 1942 3116 προςκατά-

108 3130 274 3192 βλημα
312 3133 460 3182 fuisse
502 3131 632 3179 trib
652 3140 825 3180 utum
878 3150 905 3180 a
956 3133 1132 3180 civib
1151 3150 1220 3179 us
1271 3133 1414 3180 solv
1433 3134 1659 3183 endum
1710 3143 1941 3197 tanquam

109 3213 495 3263 additamentum
523 3215 689 3280 pretii,
732 3215 861 3279 quod
903 3214 1236 3279 redemptores
1277 3215 1590 3280 vectigalium
1632 3218 1817 3266 aerario
1847 3216 1940 3263 sol-

110 3313 224 3345 vere
249 3297 508 3347 debebant.
