2114 3642
896 689 994 742 Ad
1030 692 1079 742 1.

209 803 424 852 Pericles
464 802 595 868 apud
636 800 1024 866 Xenophontem
1065 799 1442 861 (Memorab.
1486 800 1524 860 Ι,
1568 799 1614 859 2,
1655 798 1750 855 42)
1793 796 1909 845 dicit

67 886 331 945 Alcibiadi,
360 902 655 948 cognoscere
683 884 890 945 volenti,
926 883 1042 948 quid
1068 883 1147 932 lex
1174 882 1261 931 sit:
1301 898 1470 929 omnes
1497 882 1587 930 hae
1615 882 1751 945 leges
1778 886 1905 940 sunt,

67 987 189 1034 quas
215 970 265 1017 in
291 987 444 1017 unum
469 970 772 1018 conveniens
801 974 848 1017 et
875 967 1189 1017 consentiens
1217 965 1430 1031 populus
1472 964 1785 1030 conscripsit,
1826 962 1907 1011 de-

67 1054 260 1103 clarans
287 1070 411 1118 quae
439 1053 668 1102 facienda
696 1053 818 1113 sint,
848 1070 972 1117 quae
1003 1070 1117 1101 non.

212 1136 440 1185 Socrates
480 1143 644 1186 autem
683 1136 929 1202 approbat
970 1136 1083 1196 (IV,
1124 1133 1293 1194 4,13)
1333 1132 1547 1198 Hippiae
1587 1131 1911 1188 sententiam,

69 1220 301 1269 dicentis:
341 1221 477 1284 leges
505 1221 716 1269 civitatis
745 1237 849 1269 esse
876 1218 1178 1284 conscriptas
1206 1235 1234 1266 a
1260 1215 1464 1277 civibus,
1493 1221 1762 1264 statuentes
1788 1230 1910 1278 quae

69 1303 230 1353 facere
258 1309 306 1351 et
332 1320 361 1352 a
388 1303 564 1368 quibus
592 1303 838 1352 abstinere
867 1308 1103 1367 oporteat.

212 1385 496 1436 Secundum
524 1386 745 1436 Platonis
772 1387 932 1449 Leges
962 1385 1112 1446 (644,
1139 1385 1213 1444 D)
1240 1383 1444 1432 rationis
1464 1381 1708 1448 judicium
1742 1381 1912 1444 (λογι-

71 1466 222 1533 σμός)
251 1488 510 1520 commune
537 1470 747 1519 civitatis
775 1469 1030 1518 decretum
1055 1468 1286 1516 effectum
1312 1467 1391 1515 lex
1418 1465 1712 1514 nominatur.

213 1555 272 1603 In
299 1554 559 1604 subditivis
586 1560 751 1603 autem
779 1553 884 1618 ejus
911 1550 1295 1601 Definitionibus
1324 1543 1491 1610 (ὅροι)
1519 1567 1565 1613 p.
1591 1547 1707 1595 415.
1736 1547 1815 1595 lex
1843 1553 1916 1595 est

72 1639 246 1688 scitum
272 1637 596 1687 multitudinis
625 1638 768 1686 civile
795 1654 894 1685 non
922 1636 984 1684 ad
1010 1643 1205 1701 tempus
1232 1633 1431 1699 aliquod
1457 1632 1725 1681 definitum.

214 1720 547 1772 Anaximenes
588 1721 719 1783 (ars
759 1720 915 1768 rhet.
958 1720 995 1779 Ι,
1026 1719 1082 1778 5)
1124 1718 1240 1767 dicit
1278 1718 1440 1781 legem
1469 1733 1574 1765 esse
1602 1731 1915 1764 communem

72 1806 285 1855 civitatis
313 1822 610 1853 consensum
639 1803 833 1869 scriptis
861 1802 1274 1868 praecipientem,
1314 1819 1410 1865 quo
1438 1799 1582 1848 modo
1609 1797 1915 1863 unumquod-

74 1906 166 1954 que
194 1887 443 1952 agendum
470 1888 545 1936 sit.

216 1970 451 2020 Definitio
491 1970 614 2033 legis
653 1968 1071 2018 Demostheniaca
1108 1967 1288 2033 legitur
1329 1967 1476 2015 etiam
1503 1967 1553 2015 in
1580 1965 1798 2030 Digestis
1826 1963 1916 2013 Ju-

76 2053 274 2102 stiniani
301 2054 611 2119 imperatoris
638 2054 674 2113 Ι,
705 2052 750 2113 3,
783 2052 828 2100 2.

216 2137 336 2187 Ideo
364 2137 482 2186 dicit
509 2138 698 2201 Ecloga
723 2136 890 2200 legum
915 2136 966 2183 in
985 2135 1214 2200 Epitome
1243 2135 1580 2200 expositarum
1606 2134 1774 2182 Titulo
1790 2133 1825 2189 I,
1856 2126 1916 2188 rJ':

77 2214 212 2266 οὕτω
239 2216 333 2267 τὸν
358 2217 523 2282 νόμον
551 2214 772 2282 ὁρίζεται
801 2221 890 2265 καὶ
920 2220 1244 2280 Δημοσθένης
1272 2210 1299 2265 ὁ
1329 2215 1499 2280 ῥήτωρ.

221 2303 516 2364 (Zachariae
557 2322 585 2353 a
624 2303 952 2368 Lingenthal:
993 2303 1088 2352 Jus
1129 2301 1665 2351 Graeco-Romanum.
1707 2299 1828 2347 Pars
1855 2299 1917 2347 ΙΙ.

77 2387 317 2456 Synopsis
343 2387 504 2438 minor
531 2394 578 2437 et
605 2387 830 2453 epitome.
871 2386 1088 2452 Lipsiae,
1121 2385 1299 2445 1856.)

902 2514 1001 2567 Ad
1040 2515 1100 2568 3.

224 2625 433 2692 Hippias
461 2625 730 2690 respondet
758 2625 949 2674 Socrati
977 2625 1109 2690 apud
1133 2623 1519 2689 Xenophontem
1555 2621 1630 2681 (Μ
1648 2639 1672 2670 6
1689 2620 1919 2669 morab.

80 2712 168 2772 IV,
198 2712 244 2769 4,
278 2709 384 2769 19),
424 2726 524 2757 non
563 2709 772 2774 scriptas
811 2709 945 2773 leges
986 2725 1092 2757 esse
1120 2725 1230 2769 eas,
1272 2724 1398 2772 quae
1427 2706 1586 2754 ubivis
1613 2704 1830 2753 locorum
1860 2705 1920 2753 si-

81 2794 262 2843 militer
288 2800 579 2842 statuantur.

224 2876 455 2936 Pericles,
484 2883 536 2924 ut
560 2876 709 2924 refert
731 2876 903 2941 Lysias
932 2879 998 2936 (c.
1028 2874 1117 2924 An
1135 2875 1208 2923 do
1225 2875 1277 2922 ci
1298 2875 1341 2924 d.
1371 2874 1400 2921 d
1420 2891 1445 2922 e
1470 2871 1712 2936 impiet.
1740 2868 1783 2936 ξ.
1814 2871 1919 2933 10),

80 2960 335 3009 admonuit
375 2959 725 3021 Athenienses,
787 2967 839 3008 ut
892 2977 991 3008 non
1040 2960 1198 3008 solum
1237 2957 1475 3006 adversus
1513 2955 1689 3019 impios
1728 2955 1922 3018 legibus

83 3044 278 3109 scriptis
318 3050 596 3102 uterentur,
638 3060 810 3091 verum
846 3043 993 3091 etiam
1032 3060 1132 3090 non
1167 3040 1388 3105 scriptis,
1430 3055 1634 3103 quarum
1660 3038 1920 3087 auctorita-

84 3133 185 3174 tem
223 3143 367 3174 nemo
408 3142 625 3190 unquam
663 3125 820 3190 potuit
859 3125 1166 3183 convellere,
1207 3123 1383 3187 quibus
1411 3137 1556 3170 nemo
1585 3121 1917 3170 contradicere

85 3226 231 3257 ausus
258 3215 357 3269 est,
401 3216 449 3256 et
475 3225 681 3273 quarum
706 3208 913 3256 latorem
939 3207 1135 3272 penitus
1164 3206 1461 3268 ignoramus.

230 3290 512 3341 Secundum
539 3291 853 3341 Aristotelem
893 3292 965 3353 (R
981 3292 1011 3339 h
1029 3298 1180 3339 etor.
1217 3291 1254 3350 Ι,
1287 3290 1365 3350 10,
1397 3289 1454 3349 3)
1481 3289 1561 3339 lex
1589 3297 1661 3338 est
1687 3288 1782 3337 alia
1808 3306 1920 3352 pro-

88 3375 223 3442 pria,
263 3374 358 3423 alia
384 3375 668 3427 communis,
721 3375 813 3425 Illa
839 3383 938 3435 est,
980 3391 1004 3422 e
1039 3390 1135 3438 qua
1161 3373 1340 3441 scripto
1368 3373 1724 3439 comprehensa
1750 3370 1922 3422 civitas
