2114 3642
128 215 228 263 306
847 217 927 249 Jcs
953 213 1167 247 PUBLICU
1177 213 1229 246 M.

128 357 220 406 nisi
249 356 384 422 prius
411 351 718 402 decreverint
744 342 1070 395 Athenienses
1097 356 1183 389 sex
1210 340 1425 389 millibus
1458 357 1558 388 non
1585 338 1863 404 paucioreS,
1906 338 1961 385 li-

130 457 239 489 cere
265 438 342 499 id,
383 436 558 502 quibus
595 429 783 480 occulte
822 423 1201 474 decernentibus
1227 423 1296 472 ita
1322 423 1467 472 fuerit
1493 422 1676 482 visum,
1717 427 1819 469 tum
1844 436 1961 468 vero

129 540 278 587 agere
305 521 444 579 licet,
487 520 726 581 quatenus
754 507 944 559 senatui
970 506 1251 572 populoque
1277 505 1437 554 visum
1464 504 1624 554 fuerit.

977 613 1000 660 1
1015 612 1127 661 198.

257 715 352 774 ‘⁴09
378 713 448 764 ἂν
476 712 544 777 θῇ
573 713 835 776 ἱκετῃρίαν
859 708 1151 771 μυστηρίοις
1176 704 1439 757 τεθνάναι,

1002 791 1268 854 (Andocid.
1296 791 1357 841 de
1383 798 1580 858 myster.
1609 786 1651 856 ξ.
1681 789 1823 850 110.)

978 902 1003 949 1
1019 901 1128 949 198.

271 1004 366 1065 Qui
395 1001 657 1052 Eleusiniis
684 1016 870 1049 ramum
909 995 1316 1063 supplicatorium
1355 994 1598 1060 posuerit,
1639 993 1782 1043 morti
1809 993 1964 1042 detur.

923 1195 1071 1253 MQog
1104 1193 1182 1250 ιγ’.

829 1278 1004 1338 ΙΙερὶ
1057 1276 1278 1330 ξένων.

936 1449 1065 1490 Pars
1101 1446 1167 1487 13.

776 1533 861 1574 De
913 1529 1339 1588 peregrinis.

277 1749 366 1809 Μή
389 1749 627 1814 χορεύειν
653 1754 832 1812 ξένον,
874 1746 901 1807 ἢ
922 1752 1094 1811 χιλίας
1122 1747 1387 1798 ἀποτίνειν
1414 1748 1506 1798 τὸν
1526 1748 1768 1816 χορηγόν.

978 1907 1112 1954 1¹99
1181 1836 1455 1896 (Plutarch.
1484 1835 1684 1884 Phocio.
1720 1835 1828 1894 30.)

278 2004 350 2052 Ne
379 2004 484 2067 quis
512 2003 802 2068 peregrinus
830 2003 988 2064 saltet,
1018 2009 1100 2051 aut
1127 2003 1368 2067 choragus
1396 2004 1557 2052 solvat
1583 2003 1814 2051 mulctam
1840 2001 1972 2049 mille

137 2086 488 2135 drachmarum.

986 2159 1007 2204 1
1019 2158 1134 2206 200.

285 2250 399 2298 Τῶν
418 2249 683 2315 χορευτῶν
709 2247 906 2316 ἐξάγειν
934 2245 996 2298 ὃν
1023 2247 1089 2298 ἄν
1116 2271 1186 2307 τις
1224 2251 1467 2315 βούληται
1508 2256 1682 2310 ξένον,
1723 2249 1973 2319 α’γωνιζὸ-

135 2352 296 2397 μενον
323 2330 426 2382 οὐκ
451 2332 568 2393 ἐξὸν
593 2332 971 2397 ἐπιχειρήσαντα
998 2334 1231 2383 κωλύειν.

1097 2419 1362 2481 (Andocid.
1390 2436 1428 2468 c,
1458 2419 1695 2469 Alcibiad.
1724 2420 1834 2480 20.)

991 2526 1139 2574 1200.

284 2620 641 2669 Choreutarunl
681 2622 1052 2686 peregrinorum
1095 2641 1240 2687 quem
1276 2623 1381 2687 quis
1408 2625 1513 2671 vult
1538 2624 1599 2671 ab
1630 2625 1877 2674 orchestra
1903 2641 1974 2673 ar-

147 2710 278 2763 ceat,
311 2703 415 2768 jam
443 2711 709 2753 certantem
737 2712 899 2753 autem
928 2705 973 2752 vi
1003 2705 1222 2754 adhibita
1248 2724 1308 2753 ne
1336 2706 1609 2771 prohibeat.

992 2812 1140 2860 1201.

292 2900 405 2949 Οὐκ
433 2905 623 2962 ἔξεστιν
650 2900 818 2960 ἅπλῶς
846 2905 948 2953 τῶν
967 2905 1209 2972 χορηγῶν
1236 2904 1408 2955 οὐδενὶ
1439 2911 1834 2970 προσκαλέσαντι
1859 2908 1977 2965 τούς

143 2982 389 3046 χορευτὰς
430 2995 665 3045 σκοπεῖν,
705 2985 815 3035 ἀλλ’
854 2986 946 3036 cdv
978 2989 1075 3051 μὲν
1113 2993 1326 3051 καλέσῃ,
1381 2989 1694 3049 πεντήκοντα
1733 2990 1976 3056 δραχμάς,

151 3063 241 3114 ἐὰν
267 3064 314 3113 δὲ
343 3072 653 3127 καθίζεσθαι
681 3069 920 3133 κελεύσῃ,
953 3074 1126 3132 χιλίας
1154 3069 1428 3124 ἀποτίνειν.

1065 3161 1343 3220 (Demosth.
1371 3162 1421 3209 in
1448 3161 1660 3210 Midiam.
1697 3161 1836 3221 532.)

998 3266 1144 3314 1201.

295 3353 406 3402 Non
435 3357 728 3420 permit-titur
756 3361 1081 3424 choragorum
1107 3361 1218 3422 ulli,
1260 3370 1311 3411 ut
1348 3363 1606 3427 fungentes
1646 3363 1899 3413 choreutas
1926 3364 1975 3414 in
