2161 3673
224 197 292 245 46
950 210 1028 241 ms
1057 203 1335 239 Possmcnm.

223 335 468 404 γράφεται
507 334 565 384 τὸ
605 331 798 398 ὄνομα,
840 330 1241 396 προςτιθεμένων
1278 325 1381 373 τῶν
1419 323 1589 384 δηιιων
1626 321 1826 379 αὐτοῖς·
1866 325 1957 370 καὶ
1998 326 2049 380 ἐξ

226 422 437 468 ἐκείνων
461 419 564 468 τῶν
588 417 944 487 γραμματείων
969 408 1213 472 κληροῦσι
1239 406 1326 465 τὰς
1353 405 1525 472 ἀρχὰς.

1027 493 1256 556 (Suidasz
1297 486 1648 556 Ληξιαρχικὸν
1680 492 1911 556 γραμμ.).

367 690 559 740 Civium
591 684 986 744 Atheniensium,
1027 683 1110 746 qui
1149 699 1237 748 per
1272 687 1483 730 aetatem
1522 680 1838 743 magistratus
1879 697 2051 744 gerere

223 782 454 840 possunt,
482 771 680 819 nomina
704 767 1067 824 inscribuntur,
1095 764 1259 813 addito
1287 763 1494 826 singulis
1522 779 1680 827 pago,
1716 771 1765 812 ot
1790 780 1850 812 ex
1877 763 1951 812 his
1977 770 2050 811 ta-

224 856 349 905 bulis
374 855 685 917 magistratus
712 851 988 900 sortiantur.

1077 919 1192 968 170.

360 1003 503 1062 Μήτε
542 999 723 1066 ἄρχειν
759 1001 851 1050 τὸν
889 998 1085 1062 σφόδρα
1126 1002 1270 1057 νέον,
1312 1001 1359 1047 εἰ
1385 1001 1474 1045 καὶ
1502 993 1680 1061 ἄριστα
1708 996 1889 1056 δοκοίη
1914 996 2051 1065 γνώ-

217 1110 309 1152 μης
335 1086 477 1137 εἶναι.
1281 1083 1552 1145 (Stobaeus
1578 1100 1718 1133 serm.
1748 1084 1907 1144 106.).

1075 1156 1188 1205 170.

362 1245 435 1293 Ne
462 1243 567 1309 quis
595 1243 736 1292 valde
757 1242 952 1309 juvenis
979 1241 1320 1304 magistratum
1357 1245 1497 1302 gerat
1523 1239 1613 1287 etsi
1643 1237 1856 1303 optimae
1883 1237 2047 1287 videa-

223 1336 298 1377 tur
325 1345 431 1377 esse
459 1327 743 1376 sententiae.
1074 1395 1166 1443 171

367 1477 465 1535 Τὰς
486 1480 583 1542 μὲν
623 1476 781 1541 ἀρχάς
819 1485 919 1533 τοῖς
960 1474 1190 1539 εὐπόροις
1229 1473 1527 1532 ἀπολιπεῖν,
1570 1472 1687 1530 τούς
1715 1473 1764 1523 δὲ
1799 1474 1958 1533 Θῆτας
1978 1474 2048 1538 μὴ

222 1558 398 1626 ἄρχειν
424 1558 673 1624 ου’δεμίαν
699 1559 890 1625 ἀρχὴν,
932 1558 1060 1608 ἀλλὰ
1101 1559 1171 1623 τιῇ
1209 1555 1657 1616 συνεκκλησιάζειν
1690 1562 1779 1606 καὶ
1820 1556 2049 1617 δικάζειν

217 1643 384 1705 μόνον
405 1647 633 1705 μετέχειν
658 1643 738 1700 τῆς
766 1646 1028 1700 πολιτείας.

972 1716 1243 1777 (Plutarch.
1273 1715 1438 1766 Solon.
1470 1714 1548 1763 18.
1578 1715 1682 1764 Lex
1709 1714 1905 1775 Solon.)

1076 1825 1187 1872 171.

363 1909 674 1973 Magistratus
714 1925 882 1958 omnes
921 1907 1151 1957 divitibus
1192 1908 1541 1972 relinquantur.
1595 1906 1770 1972 Capite
1806 1907 1938 1955 censi
1965 1924 2044 1955 au-

220 2003 316 2041 tem
344 1993 533 2040 nullum
560 1992 899 2057 magistratum
924 2000 1121 2054 gerant,
1163 1990 1247 2039 sed
1292 1998 1480 2039 tantum
1521 1989 1581 2037 ad
1617 1990 1878 2039 conciones
1906 1998 1954 2038 et
1975 1990 2046 2054 ju-

219 2075 345 2124 dicia
372 2074 568 2123 admissi
595 2076 644 2124 in
673 2083 864 2139 partem
890 2074 1190 2140 reipublicae
1218 2075 1438 2124 veniant.

360 2260 551 2320 Κοινὴν
589 2260 715 2310 εἶναι
756 2260 846 2320 τὴν
885 2265 1170 2319 πολιτείαν,
1220 2265 1310 2309 καὶ
1349 2259 1467 2317 τούς
1507 2257 1758 2325 ἄρχοντας
1796 2266 1846 2320 ἐξ
1878 2258 2045 2318 Ἀθη-

223 2347 377 2394 ναίων
404 2344 608 2394 πάντων
634 2347 902 2408 αἱρεῖσθαι.
1199 2347 1472 2408 (Plutarch.
1502 2346 1751 2398 Aristides.
1780 2347 1903 2406 220.

368 2525 737 2576 Administratio
783 2524 1079 2592 reipublicae
1119 2525 1345 2575 omnibus
1385 2525 1654 2575 communis
1694 2524 1756 2574 sit
1792 2527 2045 2590 magistra·

219 2617 388 2674 tusque
417 2627 477 2659 ex
504 2610 731 2659 omnibus
758 2617 984 2658 creentur
1012 2608 1407 2660 Atheniensibus.

1073 2713 1186 2762 173.

360 2795 609 2859 Κυάμοισι
636 2793 722 2853 τάς
749 2791 908 2859 ἀρχὰς
934 2795 1203 2858 αἱρέεσθαι.
1293 2794 1520 2857 (Lucian.
1550 2796 1704 2846 Vitar.
1732 2806 1856 2847 auct.
1885 2798 1972 2857 6.).

1072 2904 1134 2952 17
1140 2904 1184 2952 3.

358 2987 604 3036 Fabarum
629 2990 874 3053 suffragiis
902 2988 1146 3054 eligantur
1172 2988 1500 3052 magistratus.

1071 3094 1185 3144 174.

361 3172 458 3230 Τὰς
493 3174 846 3236 χειροτονητὰς
886 3174 1043 3240 ἀρχὰς
1082 3168 1305 3233 ἆπάσας,
1355 3180 1445 3224 καὶ
1484 3173 1601 3233 τούς
1641 3174 1900 3232 ἐπιστάτας
1944 3174 2041 3224 τῶν

216 3255 467 3320 δημοσίων
495 3259 681 3324 ἔργων,
723 3264 809 3306 καὶ
851 3259 1037 3317 πάντας
1077 3257 1187 3308 ὅσοι
1233 3258 1595 3322 διαχειρίζουσί
1636 3281 1675 3307 τι
1711 3259 1813 3307 τῶν
1836 3258 1920 3318 τῆς
1947 3258 2039 3308 πό-

215 3345 332 3397 λεως
359 3344 510 3389 πλέον
537 3337 565 3399 ἢ
591 3339 857 3403 τριάκονθ’
886 3338 1090 3407 ἧμέρας,
1132 3347 1221 3392 καὶ
1251 3340 1358 3392 ὅσοι
1388 3341 1744 3406 λαμβάνουσιν
1771 3338 2040 3410 ἡγεμονίας
