2114 3642
144 279 251 329 614
676 283 1084 324 COMMENTARIUS
1112 283 1182 315 AD
1212 282 1316 318 1399.
1346 282 1451 316 1401.

289 420 434 489 Apud
461 423 709 470 Romanos
737 417 816 464 lex
842 412 1066 463 Falcidia
1092 411 1193 460 lata
1217 419 1308 472 est,
1339 429 1463 476 quae
1492 413 1651 478 primo
1680 413 1839 477 capite
1865 411 1983 461 libe-

145 524 249 556 ram
276 505 471 567 legandi
501 501 783 550 facultatem
811 496 944 546 dedit
971 511 1122 560 usque
1151 495 1213 543 ad
1242 495 1536 544 dodrantem
1562 496 1636 544 his
1663 496 1852 545 verbis:
1882 496 1988 560 qui

146 590 325 639 cives
377 582 643 635 Romani
695 587 884 639 sunt,
943 579 1047 643 qui
1100 593 1317 626 eorum
1371 586 1518 643 post
1567 578 1730 627 hanc
1781 579 1989 643 legem

146 679 437 733 rogatam
490 671 960 714 testamentum
1013 662 1233 710 facere
1275 663 1482 719 volet,
1537 669 1599 710 ut
1638 679 1768 710 eam
1806 678 1988 726 pecu—

147 755 313 803 niam
354 765 591 813 easque
633 765 733 796 res
773 746 1145 811 quibusque
1186 743 1338 792 dare
1378 744 1602 808 legare
1643 743 1852 803 volet,
1887 744 1991 809 jus

146 858 178 903 p
196 844 297 885 ote
315 841 412 882 sta
430 852 450 881 s
468 850 498 897 q
513 850 544 880 u
559 849 584 879 e
625 848 649 879 e
666 838 776 879 sto.
832 827 1061 878 Secundo
1090 827 1249 892 capite
1278 828 1481 877 modum
1507 828 1785 892 legatorum
1811 828 1990 877 consti-

146 921 236 968 tuit
279 918 352 965 his
394 917 584 965 verbis:
639 915 1013 979 quicunque
1069 912 1234 960 civis
1272 911 1599 960 Romanus
1645 911 1993 976 posthanc

145 1004 352 1066 legem
411 1006 705 1065 rogatam
759 1001 1227 1046 testamentum
1279 995 1450 1044 facie
1473 1003 1514 1055 t,
1579 997 1633 1043 is
1686 1004 1994 1060 quantam

147 1085 381 1149 cuique
422 1083 551 1131 civi
591 1082 872 1130 Romano
925 1078 1273 1145 pecuniam
1318 1079 1466 1142 jure
1517 1078 1788 1143 publico
1840 1079 1993 1128 dare

147 1168 373 1231 legare
414 1166 621 1225 volet,
656 1165 674 1229 j
696 1182 761 1212 us
800 1169 1240 1228 potestasque
1282 1169 1445 1221 esto,
1500 1161 1638 1210 dum
1677 1162 1767 1210 ita
1807 1161 1993 1211 detur

148 1252 461 1314 legatum,
504 1267 575 1296 ne
617 1248 848 1304 minus,
891 1262 1071 1310 quam
1113 1251 1363 1309 partem
1404 1253 1703 1308 quartam
1742 1245 1992 1294 heredi-

146 1334 306 1382 tatis
346 1349 414 1380 eo
454 1338 852 1380 testamento
893 1328 1170 1377 heredes
1210 1329 1496 1394 capiant.
1539 1327 1703 1388 (Paul.
1734 1328 1841 1377 libr.
1870 1328 1993 1391 sing„

149 1417 209 1466 ad
236 1416 329 1480 leg.
360 1416 491 1463 Falc.
522 1415 574 1463 fr.
610 1414 651 1461 1.
690 1441 750 1445 -—
797 1412 908 1477 Graii
937 1413 1054 1461 Inst.
1086 1413 1147 1471 ΙΙ,
1179 1411 1292 1458 227.
1334 1440 1398 1444 -
1443 1410 1641 1476 Ulpian.
1671 1411 1856 1471 XXIV,
1887 1412 1995 1471 32.)

290 1510 464 1559 Suidas
506 1529 540 1557 s.
573 1527 616 1556 v.
663 1503 944 1561 Φαλκίδιος
985 1507 1153 1555 scribit
1171 1526 1177 1553 :
1220 1506 1440 1555 Falcidia
1474 1507 1554 1555 lex
1581 1523 1609 1554 a
1637 1506 1758 1572 Cajo
1788 1506 1997 1556 Octavio

148 1596 360 1645 Caesare
388 1594 486 1642 lata
513 1604 610 1651 est,
650 1593 912 1641 maximam
940 1592 1087 1639 etiam
1116 1608 1248 1639 nunc
1275 1591 1593 1639 autoritatem
1620 1590 1808 1639 habens
1836 1591 1884 1639 in
1914 1590 1996 1639 he-

147 1679 409 1728 reditatum
439 1676 860 1724 successionibus:
902 1693 929 1723 a
956 1676 996 1723 F
1000 1674 1178 1724 alcidio
1206 1674 1405 1723 tribuno
1434 1673 1591 1739 plebis
1622 1682 1805 1739 rogata.

292 1761 427 1825 Lege
465 1761 576 1809 XII.
618 1760 897 1808 tabularum
936 1777 966 1823 p
986 1775 1014 1806 a
1029 1767 1047 1806 t
1063 1775 1086 1806 e
1106 1776 1128 1806 r
1180 1758 1237 1805 fa
1252 1758 1434 1806 milia
1451 1776 1471 1804 s
1524 1758 1615 1806 uti
1671 1777 1691 1806 s
1708 1776 1737 1805 11
1754 1776 1785 1823 p
1804 1775 1828 1806 0
1844 1776 1866 1806 1·
1919 1757 1999 1805 fa-

153 1846 335 1894 milia
381 1843 795 1910 pecuniaque
835 1859 947 1891 sua
985 1842 1294 1905 legassit,
1336 1841 1426 1890 ita
1458 1842 1562 1907 jus
1602 1849 1755 1891 esto.
1798 1840 1998 1902 (Cicero

151 1929 210 1978 de
238 1928 423 1976 invent.
455 1929 516 1988 II,
550 1927 694 1985 156.)

294 2011 477 2060 Eadem
504 2011 614 2075 lege
642 2009 903 2059 duodecim
930 2009 1210 2057 tabularum
1240 2009 1329 2056 uti
1357 2009 1371 2057 1
1391 2026 1413 2057 e
1430 2027 1462 2073 g
1479 2026 1508 2057 a
1522 2028 1543 2057 s
1559 2009 1648 2057 sit
1682 2027 1702 2057 s
1720 2027 1796 2075 up
1815 2027 1838 2057 c
1855 2027 1877 2057 r
1904 2028 1934 2074 p
1954 2029 1999 2057 e-

153 2095 342 2143 cunia
376 2102 437 2142 tu
456 2094 677 2142 telave
714 2108 868 2141 suae
903 2092 1025 2153 rei,
1065 2093 1156 2140 ita
1181 2091 1286 2156 jus
1315 2100 1467 2141 estc.
1511 2091 1996 2158 (Ulpian.Xl,142)

295 2178 483 2237 Mutus,
526 2177 700 2225 surdus
718 2215 726 2237 ‚
770 2177 979 2225 fui-iorus
998 2214 1007 2235 ,
1047 2176 1260 2239 itemque
1301 2176 1538 2240 prodigus
1558 2213 1565 2229 ,
1607 2176 1682 2223 0111
1718 2177 1825 2240 lege
1854 2176 1997 2224 bonis

153 2260 465 2309 interdictum
484 2268 568 2318 est,
593 2265 943 2308 testamentum
970 2259 1131 2307 facere
1146 2275 1248 2307 non
1264 2266 1483 2323 possunt.
1511 2257 1739 2324 (Ulpian.
1756 2261 1868 2319 XX,
1892 2260 2000 2319 13.)

925 2397 1023 2450 Ad
1054 2399 1230 2450 1401.

298 2512 464 2559 Isaeus
492 2509 549 2558 de
578 2509 751 2575 Pyrrhi
779 2508 940 2557 hesed.
971 2508 1063 2555 68:
1096 2500 1164 2553 Ὃ
1203 2503 1298 2572 γάρ
1341 2504 1492 2569 νόμος
1536 2504 1806 2570 διαρρήδην
1841 2509 1968 2573 λέγει
1988 2545 1999 2564 ,

158 2598 337 2650 ἐξεῖναι
379 2591 655 2639 &tamasim
697 2588 827 2645 ὅπως
868 2586 935 2637 ἦν
974 2593 1126 2653 ἐθέλῃ
1167 2609 1236 2645 τις
1276 2588 1335 2637 τά
1372 2585 1565 2647 αὑτοῦ,
1608 2588 1790 2653 ἐάνμὴ
1822 2590 2002 2646 παῖδας

160 2678 392 2740 γνησίους
421 2678 680 2737 καταλίπῃ
708 2670 941 2737 ἄρρενας
974 2671 1039 2722 ἄν
1063 2674 1111 2721 δὲ
1133 2676 1335 2732 θηλείας
1360 2677 1635 2735 καταλίπῃ,
1654 2672 1751 2722 σύν
1780 2672 2001 2730 ταύταις·

166 2755 368 2805 οὐκοῦν
402 2757 527 2820 μετα
575 2758 673 2807 τῶν
714 2762 1009 2824 θυγατέρων
1049 2759 1149 2805 ἔστι
1180 2756 1362 2806 δοῦναι
1390 2760 1481 2805 καὶ
1510 2758 1786 2806 διαθέσθαι
1815 2756 1873 2805 τά
1904 2756 2002 2806 αὐ-

167 2840 285 2895 τοῦ,
327 2839 451 2889 ἄνευ
493 2840 539 2890 δὲ
583 2842 684 2890 τῶν
724 2844 945 2908 γνησίων
987 2846 1281 2908 θυγατέρων
1324 2838 1439 2902 οὐχ’
1470 2839 1584 2890 οἷόν
1624 2863 1671 2889 τε
1715 2837 1831 2890 οὔτε
1861 2841 2001 2899 noar}—

165 2927 348 2970 σασθαι
392 2921 508 2973 οὔτε
550 2925 733 2973 ὸόὐναι
774 2923 951 2973 οὐδινὶ
993 2922 1146 2972 οὐδέν
1186 2924 1287 2973 τῶν
1328 2925 1528 2974 ἑαυτοῦ.
1586 2928 1716 2987 (Lex
1757 2928 1886 2976 0111111
1921 2945 2001 2976 Cx-

165 3009 344 3071 pressis
385 3011 545 3057 verbis
585 3012 651 3058 ita
691 3011 954 3075 praecipit,
996 3010 1076 3073 qui
1118 3010 1307 3074 prolem
1346 3010 1827 3059 111asculam·m1llam
1856 3011 1999 3059 101111-

166 3098 307 3155 quat,
354 3092 393 3135 vi
423 3092 565 3140 110110
595 3094 725 3142 bona
754 3111 840 3141 sua
870 3112 957 3159 per
985 3100 1332 3142 testamcutum
1362 3095 1634 3157 cuicunque
1671 3093 1782 3142 volit
1809 3093 2000 3156 legare:

167 3173 241 3222 sin
279 3182 437 3220 autem
483 3175 601 3222 filias
642 3178 911 3240 relinquat,
955 3193 1066 3224 eum
1106 3177 1191 3223 his.
1247 3176 1383 3225 Licet
1423 3194 1542 3240 ergo
1582 3177 1723 3224 alicui
1761 3176 1889 3224 bona
1916 3195 2003 3224 sua

166 3256 358 3319 legare,
399 3255 433 3300 si
477 3272 573 3302 una
611 3275 719 3305 cum
747 3259 888 3307 bouis
918 3259 1066 3308 filiam
1094 3276 1284 3322 quoque
1316 3259 1473 3307 cidem
1502 3258 1723 3321 delegem
1764 3277 1864 3307 uon
1892 3259 2001 3307 licet

168 3347 329 3387 autem
360 3337 561 3385 tiliarum
591 3340 916 3399 legitimarum
946 3343 1130 3391 ratione
1172 3343 1305 3391 nulla
1332 3343 1500 3392 habita
1529 3342 1738 3405 aliquem
1768 3343 1999 3407 adoptare

169 3423 306 3486 eique
334 3420 463 3469 bona
491 3437 575 3468 sua
604 3420 807 3482 legare.)
