2161 3673
203 178 267 224 56
930 187 1009 217 scs
1036 181 1311 213 PUBhICUM.

197 314 265 379 μὴ
294 311 581 373 ἐπιτήδειον
607 309 770 375 νόμον
795 305 1002 376 γράψειε
1016 341 1029 363 ,
1057 305 1146 351 καὶ
1173 310 1463 372 στρατηγοῖς
1489 301 1728 360 εὐθύνας.
1759 302 2036 372 Εἰσάγουσι,

208 399 254 447 δι’
285 402 373 446 καὶ
404 396 714 460 δοκιμασίαν
752 399 857 447 ταῖς
896 387 1076 451 ἀρχαῖς
1102 389 1191 434 καὶ
1218 384 1337 444 τούς
1365 384 1808 453 ἀπεψηφισμένους
1835 390 1924 436 καὶ
1949 385 2037 444 τὰς

206 487 267 531 ἐκ
292 481 373 540 τῆς
398 478 589 545 βουλῆς
615 471 970 542 καταγνώσεις.
1023 472 1126 517 Καὶ
1152 475 1260 525 ταῖς
1288 466 1468 534 ἀρχαῖς
1506 468 1831 534 ἐπικληροῦσι
1870 467 1932 519 τὰ
1959 468 2039 518 δι-

207 565 454 627 καστήρια
477 600 488 619 ,
529 559 588 608 τά
621 557 724 606 ἴδια
749 558 839 604 καὶ
866 550 926 601 τά
959 549 1200 616 δημόσια·
1242 556 1332 601 καὶ
1370 550 1432 600 τὰ
1459 549 1694 617 σύμβολα
1719 550 1782 602 τοὶ
1809 549 1928 617 πρὸς
1953 549 2040 609 τὰς

209 646 373 702 πόλεις
400 642 632 707 κυροῦσι.
1235 638 1439 698 (Pollux
1466 637 1604 701 VIII,
1633 638 1898 698 85—88.).

1071 745 1189 794 212.

350 847 816 898 Thesmothetarum
841 842 1077 892 discussio
1105 841 1167 890 sit
1192 841 1341 890 haec:
1369 858 1488 891 num
1515 859 1574 892 ex
1600 851 1808 910 utroque
1836 850 2042 910 parente

211 933 533 984 Athenienses
560 928 657 978 sint
683 944 712 975 a
737 926 881 975 tertia
919 940 1073 988 usque
1112 923 1432 986 generatione
1473 933 1522 974 et
1561 942 1620 975 ex
1659 944 1755 992 quo
1791 943 1923 992 pago
1950 926 2040 974 ori-

211 1012 367 1064 undi?
403 1030 522 1059 num
556 1009 737 1076 Apollo
778 1009 897 1075 ipsis
937 1008 998 1056 sit
1038 1007 1233 1055 Patrius
1273 1014 1321 1054 et
1359 1007 1559 1073 Jupiter
1596 1009 1888 1059 Hercaeus?
1926 1025 2044 1057 num

212 1103 440 1163 parentes
466 1096 593 1143 bene
620 1093 871 1142 tractent?
910 1109 1029 1140 num
1065 1108 1154 1156 pro
1194 1090 1354 1155 patria
1391 1091 1750 1142 militaverint?
1787 1109 1906 1141 num
1932 1108 2043 1140 cen-

210 1198 316 1228 sum
354 1177 607 1226 habeant?
658 1177 940 1238 Interrogat
978 1180 1143 1221 autem
1184 1180 1409 1234 senatus,
1455 1173 1504 1222 hi
1540 1193 1658 1224 vero
1705 1177 1876 1241 jurant
1913 1174 2044 1241 apud

210 1262 453 1328 porticum
492 1259 703 1323 regiam,
745 1258 826 1307 vel
864 1274 1012 1323 supra
1050 1255 1293 1322 lapidem,
1345 1273 1396 1305 se
1435 1258 1571 1322 leges
1613 1259 1961 1308 observaturos
2000 1265 2047 1306 et

211 1361 416 1393 munera
442 1361 545 1392 non
571 1348 841 1402 sumturos,
883 1348 966 1388 aut
1004 1357 1203 1389 auream
1230 1339 1565 1404 persoluturos
1592 1348 1829 1390 statuam:
1870 1340 2045 1390 deinde

211 1430 260 1475 in
289 1426 563 1491 acropolim
588 1423 826 1490 profecti,
868 1422 1038 1472 eadem
1056 1423 1242 1487 jmant.
1293 1422 1459 1487 Myrto
1486 1431 1646 1473 autem
1674 1432 1973 1474 coronantur
2001 1431 2049 1472 et

213 1509 536 1560 communiter
562 1509 730 1556 mortis
756 1514 1053 1572 potestatem
1080 1507 1287 1567 habent,
1316 1506 1356 1554 si
1383 1506 1516 1572 quis,
1547 1524 1643 1572 quo
1670 1526 1771 1557 non
1797 1509 1937 1569 licet,
1965 1506 2046 1555 de-

213 1593 427 1643 scendat.
478 1592 604 1641 Item
622 1590 815 1656 judices
843 1589 1003 1638 sortiri
1030 1596 1078 1637 et
1105 1588 1428 1651 athlothetas,
1470 1607 1622 1639 unum
1649 1608 1674 1639 e
1701 1591 1926 1640 tribubus
1953 1589 2048 1639 sin-

213 1676 368 1740 gulis3
405 1676 728 1741 imperatores
765 1672 945 1738 eligere
987 1689 1047 1721 ex
1088 1672 1345 1735 omnibus3
1384 1673 1656 1722 secundum
1689 1674 1907 1739 singulas
1934 1690 2048 1740 pry-

215 1760 372 1807 tanias
399 1759 673 1822 inquirere,
700 1773 818 1804 num
846 1756 1026 1819 singuli
1052 1756 1180 1804 bene
1207 1755 1451 1821 imperare
1477 1755 1764 1820 videantur3
1804 1764 1852 1806 et
1877 1757 2050 1806 suffra-

215 1844 308 1905 giis
348 1842 527 1889 civium
565 1840 803 1904 rejectum
833 1839 1086 1904 judicant3
1123 1856 1271 1904 porro
1312 1839 1531 1904 equitum
1568 1840 1829 1904 magistros
1867 1838 2053 1904 eligunt

218 1927 359 1983 duos,
400 1931 448 1973 et
485 1923 764 1989 praefectos
805 1922 1024 1987 equitum
1063 1922 1234 1970 decem
1275 1929 1323 1970 et
1348 1922 1570 1971 tribunos
1609 1923 1793 1973 decem.
1844 1924 1908 1972 Et
1931 1923 2053 1972 haec

219 2008 415 2074 quidem
439 2004 646 2072 publice.
698 2005 940 2053 Privatim
976 2021 1094 2053 vero
1133 2003 1520 2067 thesmothetae,
1561 2006 1760 2071 quando
1780 2007 1861 2073 jus
1888 2005 2052 2055 dicen-

221 2092 336 2140 dum
361 2091 448 2151 sit,
489 2086 859 2155 praescribunt,
899 2094 947 2136 et
982 2089 1207 2153 publicas
1232 2089 1570 2138 accusationes
1596 2090 1647 2138 in
1672 2090 1913 2156 populum
1939 2107 2052 2155 pro-

220 2173 470 2237 mulgant,
511 2180 656 2237 atque
684 2170 932 2235 suffragia.
986 2171 1114 2220 Tum
1156 2179 1203 2220 et
1238 2171 1486 2221 actionum
1510 2173 1809 2222 intentiones
1834 2171 2052 2222 introdu-

222 2265 338 2306 cunt
363 2264 411 2304 et
435 2254 704 2320 iniquitatis
732 2254 978 2315 actiones,
1006 2261 1154 2318 atque
1181 2254 1332 2320 siquis
1356 2253 1518 2318 legem
1542 2273 1643 2305 non
1668 2255 1839 2305 utilem
1862 2255 2054 2316 tulerit,
2074 2307 2078 2310 ,

223 2342 425 2405 insuper
452 2346 500 2386 et
525 2336 826 2386 belliducum
853 2336 1253 2386 examinationes.
1301 2337 1456 2387 Porro
1483 2338 1855 2402 magistratibus
1883 2354 2054 2387 censu-

222 2442 326 2472 ram
352 2422 724 2481 administrant,
760 2435 956 2468 causam
980 2420 1032 2468 in
1059 2420 1284 2469 examine
1312 2421 1526 2485 civilegii
1551 2422 1846 2487 rejectorum
1873 2429 1921 2470 et
1946 2438 2055 2470 sen-

224 2506 398 2555 tentias
438 2523 467 2555 a
504 2511 679 2553 senatu
719 2511 893 2552 contra
931 2504 1148 2568 aliquem
1185 2504 1309 2552 latas
1333 2504 1525 2569 judiciis
1552 2512 1851 2571 proponunt.
1901 2505 2055 2570 Magi-

226 2589 458 2638 stratibus
487 2587 673 2653 judicia
706 2587 977 2636 sortiuntur
1003 2594 1052 2635 et
1076 2587 1273 2652 privata
1299 2595 1346 2636 et
1371 2588 1598 2653 publica3
1637 2597 1685 2638 et
1712 2589 1906 2639 urbium
1931 2606 2057 2639 com·

228 2672 408 2721 mercia
433 2679 538 2720 rata
563 2671 761 2721 faciunt.

377 2844 510 2902 Tov‘g
553 2849 866 2910 θεσμοθέτας
915 2844 1034 2903 τούς
1071 2850 1151 2896 ἐπὶ
1189 2844 1309 2903 τούς
1347 2845 1535 2911 νόμους
1573 2853 1946 2914 κληρουμένους
1987 2848 2060 2906 δὶς

232 2930 637 2994 δοκιμασθέντας
664 2926 843 2994 ἄρχειν
858 2968 871 2989 ,
914 2932 972 2979 ἔν
998 2950 1049 2979 τε
1074 2930 1133 2994 τῇ
1160 2929 1323 2994 βουλῇ
1353 2935 1443 2979 καὶ
1470 2936 1525 2980 ἐν
1544 2933 1616 2997 τῴ
1644 2932 1963 2998 δικαστηρίῳ.

721 3016 1003 3078 (Demosth.
1031 3015 1143 3065 adv.
1171 3016 1363 3081 Leptin.
1394 3018 1508 3067 484.
1548 3018 1653 3068 Lex
1681 3018 1920 3079 Solonis.)

1088 3134 1204 3183 213.

374 3226 784 3288 Thesmothetac,
825 3231 905 3294 qui
944 3231 1109 3296 legum
1146 3230 1306 3293 gratia
1344 3237 1470 3279 sorte
1508 3239 1767 3291 creantur,
1810 3247 1870 3279 ne
1898 3231 2065 3281 ineant

235 3309 368 3376 prius
395 3311 748 3374 magistratum,
777 3329 919 3376 quam
945 3313 1021 3362 bis
1047 3314 1242 3380 probati
1271 3314 1378 3375 sint,
1395 3314 1507 3363 etin
1525 3321 1697 3363 senatu
1730 3313 1842 3363 etin
1861 3314 2061 3380 judicio.
