2114 3642
193 209 294 255 426
595 220 1001 255 COMMEN‘rAmUs
1031 221 1097 251 An
1126 218 1183 252 69.
1214 220 1267 253 70.
1298 220 1354 252 78.
1385 218 1440 252 79.
1469 220 1527 252 ευ.
1555 218 1611 252 22³5.

192 359 292 413 tur,
320 353 387 400 ita
414 359 467 401 ut
493 366 650 416 neque
678 349 903 398 viderent
928 363 1225 413 quemquam
1253 366 1422 398 eorum
1450 348 1530 412 qui
1560 351 1909 406 convenerant,
1939 359 2019 392 ne-

192 453 284 500 que
311 437 372 485 ab
400 436 498 484 ullo
526 434 836 492 viderentur,
865 439 1056 480 tantum
1083 432 1349 482 clamorem
1375 432 1569 481 illorum
1598 429 1899 479 exaudirent.
1945 427 2022 476 Ibi

191 536 289 566 non
317 519 456 566 simul
482 516 722 576 universi,
763 515 849 564 sed
890 532 1014 563 unus
1047 524 1160 580 post
1201 517 1349 567 alium
1387 522 1517 566 sorte
1552 514 1726 563 ductus
1752 512 1803 561 in
1829 510 2020 561 concio-

190 619 303 651 nem
330 600 573 659 veniebat,
603 599 876 662 tacitusque
901 615 992 663 per
1017 614 1126 646 eam
1153 600 1407 648 transibat.
1446 598 1486 647 Ii
1514 597 1594 664 qui
1621 595 1841 646 conclusi
1869 599 2021 651 erant,

187 686 236 733 in
264 683 454 731 tabulas
480 680 842 742 inscribebant,
884 688 1093 746 quantus
1127 682 1188 730 ad
1221 683 1528 747 singulorum
1554 680 1814 729 transitum
1839 678 2024 728 clamor

187 768 357 817 fuisset
382 764 626 813 sublatus:
668 781 825 829 neque
853 764 913 813 ad
942 782 1086 830 quem
1113 767 1153 815 is
1181 767 1449 832 pertineret
1481 764 1576 814 illis
1603 763 1891 820 constabat,
1927 760 2020 810 nisi

188 850 317 915 quod
343 849 530 897 ratione
560 848 771 910 ordinis,
802 855 950 914 quoto
978 849 1355 910 acclamaretur,
1381 847 1742 912 intelligebant.
1797 845 1889 895 Cui
1916 861 2016 894 ma-

184 933 312 981 xime
351 949 407 980 ac
445 932 841 998 frequentissime
880 931 1053 981 fuisset
1103 933 1453 994 acclamatum,
1505 948 1617 980 eum
1654 928 2019 979 renuntiabant.

185 1015 546 1078 (Plutarch.
588 1016 863 1081 Lycurg.
906 1016 1016 1075 26.)

325 1098 586 1148 Cretenses
614 1098 672 1147 de
701 1099 898 1148 summis
926 1100 1072 1148 rebus
1106 1099 1411 1149 consiliarios
1452 1097 1784 1158 adhibebant,
1825 1095 1906 1161 qui
1935 1094 2019 1144 Se-

182 1183 345 1231 niores
372 1182 690 1232 vocabantur.
742 1182 1121 1249 Cooptabantur
1160 1190 1322 1232 autem
1360 1184 1410 1231 in
1448 1181 1570 1231 illud
1610 1181 1900 1244 collegium,
1941 1178 2021 1244 qui

182 1265 470 1315 Cosmorum
510 1267 799 1331 magistratu
838 1267 975 1332 digni
1001 1267 1156 1316 habiti
1183 1267 1405 1329 fuerant,
1449 1284 1507 1316 ac
1533 1265 1655 1315 alias
1683 1264 1825 1330 probi
1854 1279 2020 1312 cense-

182 1350 376 1398 bantur.
419 1343 792 1411 (Aristotel.
821 1349 1014 1399 Polit.
1044 1351 1107 1412 II,
1137 1350 1182 1412 7,
1220 1352 1264 1399 5.
1293 1349 1548 1400 Strabo.
1578 1350 1638 1398 X.
1666 1365 1772 1414 cap.
1803 1348 1846 1394 4.
1877 1344 2018 1413 §.22

198 1451 233 1481 2.
260 1433 375 1482 481.

184 1451 199 1498 l
324 1434 469 1582 Agud
501 1516 797 1582 Epidaurios
835 1518 1191 1582 rempublicam
1242 1518 1523 1565 tractabant
1563 1523 1762 1565 centum
1800 1525 1848 1562 et
1890 1520 2018 1562 octa-

180 1600 318 1665 ginta
344 1599 449 1648 viri.
501 1600 576 1648 Ex
601 1599 675 1647 his
702 1601 951 1649 senatores
980 1599 1289 1664 deligebant,
1333 1617 1454 1664 quos
1482 1599 1805 1667 appellabant
1837 1595 1950 1648 Art
1964 1613 2017 1662 y-

180 1701 211 1730 n
230 1701 307 1731 os.
348 1683 707 1743 (Plutarch.
736 1690 922 1749 quaest.
949 1701 1022 1748 gr.
1055 1683 1126 1744 1.)

984 1824 1083 1877 Ad
1124 1825 1228 1877 70.

323 1922 637 1972 Demosthen.
682 1922 967 1973 Aristocrat.
1007 1942 1054 1989 p.
1093 1923 1222 1970 651:
1275 1915 1475 1982 ἄκυρόν
1513 1924 1616 1969 ἐστι
1652 1917 1710 1968 τὸ
1757 1918 2015 1985 ψήφισμα·

181 2002 542 2067 προβούλευμα
582 2002 677 2072 γάρ
716 2009 880 2062 ἐστιν,
922 1999 949 2053 ὁ
982 2002 1137 2069 νόμος
1165 2002 1209 2052 δ’
1236 2007 1426 2052 ἐπέτεια
1463 2002 1656 2052 κελεύει
1692 2000 1753 2051 τοὶ
1780 2002 1863 2061 τῆς
1887 2004 2019 2067 βου-

180 2086 264 2145 λῆς
291 2086 420 2135 εἶναι
449 2090 765 2153 ψηφίσματα.
805 2091 1028 2150 (Irritum
1056 2097 1130 2139 est
1156 2089 1435 2150 decretum,
1464 2089 1594 2154 quod
1622 2088 2017 2138 senatusconsul-

178 2184 282 2222 tum
304 2174 560 2240 praevium
587 2173 675 2236 sit3
703 2174 782 2223 lex
797 2180 962 2223 autem
968 2175 1128 2240 jubet,
1157 2172 1584 2224 senatusconsulta
1611 2173 1775 2222 valere
1791 2173 2017 2231 annum.)

986 2314 1084 2367 Ad
1125 2317 1228 2368 78.

321 2413 430 2461 Hoc
456 2413 641 2461 factum
669 2420 742 2462 est
769 2414 884 2462 410.
913 2430 954 2462 a.
984 2413 1098 2463 Chr.
1128 2413 1323 2478 Olymp.
1354 2413 1435 2473 92,
1459 2412 1505 2472 3,
1534 2418 1588 2460 ut
1614 2420 1822 2477 apparet
1849 2430 1908 2462 ex
1939 2430 2015 2461 eo-

180 2497 290 2545 dem
316 2497 606 2546 scholiastae
634 2498 767 2546 loco:
799 2499 919 2556 φησί
947 2493 1042 2562 γάρ
1075 2492 1383 2559 φιλόχορος·
1417 2496 1528 2559 »ἐπὶ
1559 2496 1899 2542 Γλαυκίππου
1926 2498 2015 2541 καὶ

184 2573 206 2635 ἢ
235 2574 395 2641 βουλὴ
424 2575 556 2625 κατὰ
586 2577 793 2645 γράμμα
820 2582 932 2627 τότε
958 2578 1159 2642 πρῶτον
1187 2581 1475 2637 ἐκαθέζετο.
1508 2577 1857 2639 (Philochorus
1885 2580 2014 2628 enim

181 2664 270 2711 ait:
311 2662 561 2712 Archonte
602 2662 883 2730 Glaucippo
919 2671 1118 2714 senatus
1159 2664 1374 2730 primum
1409 2663 1616 2712 sedebat
1654 2662 1924 2712 secundum
1962 2663 2016 2712 li-

182 2749 349 2806 teras.)

980 2815 1079 2869 Ad
1119 2817 1223 2869 79.

324 2912 728 2964 Additamcntum
769 2915 883 2964 anni
925 2915 1079 2962 403-ii
1108 2932 1148 2963 a.
1178 2914 1265 2963 Oh.
1306 2921 1418 2980 post
1450 2915 1616 2980 pulsos
1643 2914 1844 2977 triginta
1870 2915 2014 2963 viros,

977 3054 1075 3107 Ad
1113 3055 1217 3107 80.

328 3150 444 3198 Inde
472 3168 499 3199 a
525 3160 744 3219 tempore
774 3152 1049 3203 Clisthcnis.

977 3281 1075 3334 Ad
1114 3282 1218 3333 85.

327 3373 521 3426 Scholia
561 3377 608 3424 in
650 3377 874 3446 Thucyd.
916 3382 979 3442 II,
1025 3381 1113 3428 15:
1155 3376 1468 3442 Πρυτάνεις,
1510 3379 1557 3425 οἱ
1595 3376 1697 3425 τών
1724 3374 1857 3427 ὅλων
1884 3395 2012 3440 πρα-
