2161 3673
476 246 835 282 MAGISTRATUS
863 250 1196 283 οΕοοΝοΜιΑΕ
1223 249 1485 284 PUBLICAE.
1830 239 1892 285 69

196 452 263 503 ‘0
282 457 360 506 ἐπὶ
385 454 469 514 τῆς
496 453 782 514 διοικήσεως
810 457 990 519 ταμίας
1035 457 1224 521 αἱρετός
1251 463 1387 508 ἐστιν
1412 461 1491 507 ἐπὶ
1519 458 1622 506 τῶν
1649 457 1892 523 προσιόν-

67 558 164 588 των
188 543 277 588 καὶ
304 536 735 601 ἀναλισκομένων.
1189 544 1395 605 (Pollux
1422 543 1560 605 VIII,
1594 543 1749 603 113.)

915 616 1031 663 266.

204 683 648 734 Administrationis
698 692 928 748 quaestor
978 687 1174 750 eligitur
1215 705 1365 754 supra
1416 696 1682 753 proventus
1721 694 1768 735 et
1809 702 1892 736 ex-

64 784 256 832 pensas,

921 841 1036 890 267.

202 917 294 978 Μὴ
323 923 475 968 πλείω
502 925 643 969 πέντε
668 919 795 969 ἑτῶν
822 920 1008 970 διέπειν
1039 921 1132 971 τὸν
1151 927 1583 986 χειροτονηθέντα
1608 925 1688 971 ἐπὶ
1713 920 1776 970 τὰ
1804 920 1892 980 δη-

55 999 211 1064 μόσια
228 1000 477 1067 χρήματα.
576 1004 848 1065 (Plutarch.
879 1008 945 1055 10
971 1015 1150 1059 orator.
1181 1009 1262 1058 vit.
1290 1007 1400 1058 VII.
1428 1008 1638 1074 Lycurg.
1658 1007 1748 1068 3.).

915 1116 1031 1164 267.

200 1194 246 1242 N
250 1211 274 1242 e
301 1194 408 1259 quis
433 1194 495 1243 ad
519 1195 823 1260 publicarum
862 1197 1182 1262 pecuniarum
1221 1196 1693 1246 administrationem
1719 1198 1891 1245 suffra-

58 1279 152 1343 giis
178 1276 385 1339 electus,
413 1285 722 1342 quaesturam
746 1278 873 1328 hanc
899 1286 1128 1344 quattuor
1156 1281 1298 1329 annis
1326 1281 1536 1346 amplius
1562 1286 1710 1328 curet.

916 1386 1032 1435 268.

191 1459 257 1512 ‘0
281 1465 462 1527 ταμίας
487 1458 515 1512 ὁ
543 1466 761 1529 αἱρεθεὶς
789 1460 890 1515 ὑπὸ
917 1466 1002 1526 τῆς
1027 1466 1214 1531 βουλῆς
1241 1470 1309 1524 εἰς
1334 1466 1422 1524 τας
1452 1469 1634 1524 θυσίας
1651 1505 1663 1525 ,
1697 1470 1891 1531 μερίζει

59 1552 162 1602 τοῖς
189 1548 469 1610 ἱεροποιοῐς,
945 1551 1126 1618 (Oorp.
1153 1553 1371 1619 inscript.
1398 1570 1469 1617 gr.
1499 1553 1557 1601 N.
1590 1552 1747 1612 115.).

915 1660 1032 1708 268.

197 1739 444 1799 Quaestor
468 1757 497 1789 a
522 1749 695 1790 senatu
733 1742 794 1792 ad
833 1743 1073 1792 sacrificia
1110 1744 1294 1793 electus
1321 1741 1612 1792 sacrificulis
1640 1741 1887 1792 distribuit

56 1838 313 1887 expensas

914 1898 1032 1947 269.

198 1983 392 2034 Δοῦναι
428 1973 522 2028 τὸν
558 1983 746 2043 ταμίαν
784 1979 876 2027 τοῦ
907 1977 1070 2042 δήμου
1089 1978 1327 2043 χρήματα
1352 1983 1412 2028 ἐκ
1438 1977 1543 2027 τῶν
1568 1981 1637 2034 εἰς
1663 1975 1727 2025 τὰ
1751 1975 1884 2026 κατά

57 2071 359 2133 ψηφίσματα
384 2064 802 2126 ἀναλισκομένων
826 2062 899 2127 τῷ
926 2060 1077 2127 δήμῳ.
1581 2130 1591 2137 χ

582 2149 796 2211 (Plutar.
823 2157 932 2214 post
962 2148 1040 2197 10.
1068 2156 1189 2198 orat.
1217 2148 1300 2196 vit.
1329 2147 1510 2196 decret.
1536 2147 1626 2208 ΙΙΙ,
1654 2146 1743 2207 8.).

912 2255 1028 2303 269.

194 2344 437 2404 Quaestor
474 2340 644 2406 populi
683 2339 869 2404 pendat
907 2354 965 2387 ex
1006 2355 1065 2387 ea
1110 2339 1344 2403 pecunia,
1398 2354 1543 2402 quam
1582 2336 1795 2401 populus
1833 2338 1882 2385 in

54 2434 240 2476 sumtus
266 2445 357 2491 pro
383 2442 434 2474 re
460 2430 577 2472 nata
604 2422 941 2471 decernendos
966 2421 1220 2487 impendit.

908 2531 1024 2580 270.

186 2610 580 2677 ςΕλληνοταμίαι
599 2652 612 2671 ,
655 2614 701 2660 οἱ
734 2609 854 2668 τούς
881 2609 1069 2675 φόρους
1095 2613 1383 2677 ἐκλέγοντες
1409 2612 1499 2656 καὶ
1526 2612 1605 2657 ἐπὶ
1635 2606 1798 2667 νήσων
1822 2606 1882 2656 τά

56 2696 187 2763 παρὰ
215 2696 319 2749 τῶν
345 2694 602 2756 νησιωτῶν
639 2693 1012 2759 εἰςπράττοντες
1048 2695 1137 2741 καὶ
1166 2690 1253 2748 τὰς
1280 2692 1529 2746 πολιτείας
1556 2687 1731 2740 αὐτῶν
1754 2695 1882 2756 ἐφο-

55 2781 246 2847 ρῶντες.
1186 2778 1389 2838 (Pollux
1416 2776 1553 2839 VIII,
1583 2777 1740 2838 1140.

911 2851 1027 2900 270.

194 2937 583 2987 Hellenotamiae
622 2943 735 2984 sunt
774 2935 855 3000 qui
894 2935 1157 2998 vectigalia
1182 2931 1423 2995 colligunt
1451 2940 1499 2981 et
1523 2933 1574 2981 in
1599 2933 1772 2983 insulis
1799 2935 1881 2983 tri-

54 3023 173 3071 buta
198 3021 260 3070 ab
286 3017 521 3069 insulanis
548 3018 780 3081 exigunt,
824 3034 1088 3082 eorumque
1114 3017 1382 3065 observant
1405 3015 1725 3081 respublicas.

904 3124 1021 3173 271.

187 3202 607 3270 “Ελληνοταμίαις
633 3202 942 3270 παραδόσθω
956 3243 968 3264 ‚
995 3206 1163 3259 ἵπποις
1190 3201 1344 3273 σῖτοςζ,
1372 3208 1432 3253 ἐκ
1456 3203 1560 3253 τῶν
1595 3202 1879 3265 Ἀθηναίας

61 3288 316 3349 Πολιάδος
342 3292 431 3340 καὶ
459 3292 618 3349 Νίκης
635 3287 922 3353 χρημάτων.

670 3373 841 3443 (Gorp.
869 3374 1086 3439 inscript.
1111 3389 1181 3436 gr.
1210 3388 1234 3420 e
1260 3370 1318 3421 N.
1354 3372 1461 3423 147.
1490 3374 1626 3441 Pryt.
1653 3375 1732 3438 L).
