2114 3642
652 245 1060 278 ooMMENTARirs
1091 243 1156 275 AD
1187 241 1288 278 1032.
1320 243 1423 277 1033,
1856 233 1956 282 549

871 392 968 444 Ad
1009 393 1198 445 1032.

252 503 396 570 Apud
424 502 740 553 Plutarchum
769 503 818 551 in,
847 503 964 552 Vita
990 499 1161 551 decem
1191 502 1453 552 Oratorum
1481 506 1544 565 (I.
1567 503 1831 569 Antiphon,
1859 507 1955 567 27)

108 588 319 651 legimus
346 588 473 636 hanc
501 586 796 636 sententiam
825 592 996 635 contra
1022 585 1299 651 proditores
1326 587 1503 636 latam:

255 682 519 745 „Damnati
559 687 672 729 sunt
711 680 1001 745 proditionis
1041 678 1454 746 Archeptolemus
1483 683 1784 749 Hippodami
1827 684 1955 734 filius

110 765 425 830 Agrylensis,
464 780 727 830 praesens3
768 762 1026 829 Antiphon
1053 762 1243 828 Sophili
1273 765 1400 813 filius
1427 765 1784 827 Rhamnusius,
1812 785 1950 832 prae-

108 865 245 909 senS„
281 847 347 895 Iis
374 846 497 896 haec
523 842 701 911 “poena
739 846 1006 895 constituta
1046 852 1144 906 est,
1185 853 1237 893 ut
1277 845 1640 896 Undecimviris
1685 849 1952 911 dedantur,

108 931 239 979 bona
267 947 437 978 eorum
462 931 806 995 publicentur,
848 930 1036 978 decima
1063 930 1315 979 Minervae
1344 940 1659 995 consecrata,
1698 945 1845 998 utque
1873 951 1950 982 eo-

104 1031 212 1062 rum
239 1014 386 1062 aedes
413 1015 518 1063 solo
545 1022 842 1080 aequentur,
882 1022 929 1063 et
954 1015 1005 1063 in
1032 1014 1157 1063 areis
1185 1013 1378 1063 termini
1405 1023 1676 1078 ponantur,
1717 1034 1826 1064 cum
1856 1017 1949 1066 hac

103 1097 451 1162 inscriptione:
503 1096 1004 1163 Archeptolemi
1055 1105 1115 1145 et
1162 1095 1603 1161 Antiphontis
1655 1099 1944 1164 prodito-

104 1199 245 1230 rum.
286 1181 532 1229 Praefecti
573 1188 736 1229 autem
777 1181 945 1246 populi
989 1181 1203 1228 indicem
1245 1188 1566 1245 proponunto
1604 1181 1835 1230 domuum
1871 1199 1948 1230 eo-

104 1282 236 1326 rum3
275 1281 434 1328 neque
464 1264 783 1329 permittitor,
826 1272 879 1311 ut
918 1262 1330 1328 Archeptolemus
1373 1272 1419 1311 et
1459 1263 1714 1329 Antiphon
1743 1265 1949 1315 Athenis

102 1355 187 1396 aut
223 1348 273 1395 in
313 1354 442 1395 terra
482 1347 857 1397 Atheniensium
907 1347 1116 1410 imperio
1168 1346 1367 1394 subdita
1413 1346 1728 1411 sepeliantur.
1793 1350 1948 1397 Porro

102 1449 250 1495 quum
287 1431 422 1495 ipsos
461 1431 668 1478 infames
707 1430 877 1479 haberi
918 1429 1098 1478 debere
1127 1428 1567 1494 Archeptolemum
1596 1440 1643 1478 et
1672 1430 1946 1496 Antiphon-

101 1522 226 1575 tem,
266 1522 370 1562 tum
405 1514 486 1579 qui
515 1531 573 1562 ex
600 1514 656 1561 iis
687 1513 789 1561 sive
830 1513 984 1578 spurii
1010 1513 1114 1561 sive
1142 1513 1348 1576 legitimi
1375 1521 1668 1562 nascantur:
1709 1515 1946 1563 infamem

101 1599 245 1645 etiam
275 1615 411 1657 eum,
447 1597 529 1661 qui
557 1613 617 1645 ex
645 1594 1017 1662 Archeptolemi
1046 1602 1093 1643 et
1119 1593 1443 1661 Antiphontis
1471 1598 1707 1661 progenie
1736 1598 1944 1663 aliquem

100 1681 424 1747 adoptaverit.
478 1681 617 1730 Haec
644 1678 960 1728 inscribenda
986 1695 1092 1728 esse
1122 1680 1379 1729 columnae
1407 1679 1635 1730 aeneae„‘⁴

865 1832 964 1884 Ad
989 1833 1177 1885 1033.

241 1943 472 1993 Cicero
513 1943 583 1992 ad
624 1943 908 1993 Atticum
950 1944 1038 2005 (X,
1071 1943 1114 2005 1,
1145 1944 1231 2003 2):
1272 1944 1381 2007 Ego
1413 1961 1531 1994 vero
1561 1945 1755 1995 Solonis
1782 1965 1939 2012 popu-

97 2028 211 2076 laris
239 2028 335 2087 tui,
376 2035 427 2075 ut
454 2034 574 2093 puto
604 2027 750 2075 etiam
776 2027 900 2093 mci,
941 2026 1105 2090 legem
1133 2027 1411 2090 negligam,
1454 2029 1535 2092 qui
1564 2032 1724 2095 capite
1755 2031 1942 2090 sanxit,

97 2112 135 2159 si
163 2111 244 2175 qui
271 2111 320 2158 in
348 2110 589 2159 seditione
617 2127 717 2158 non
744 2109 944 2158 alterius
973 2110 1126 2158 utrius
1160 2111 1313 2175 partis
1341 2111 1525 2160 fuisset.

240 2205 501 2255 Gellius
542 2204 717 2253 Noct.
748 2204 870 2255 Att.
916 2206 993 2265 (2,
1024 2205 1143 2264 12):
1185 2205 1236 2254 Si
1263 2206 1326 2254 ob
1356 2206 1651 2256 discordiam
1678 2209 1938 2258 dissensio-

94 2307 301 2354 nemque
344 2290 520 2339 seditio
564 2296 708 2354 atque
750 2288 984 2337 discessio
1025 2289 1198 2355 populi
1237 2289 1287 2336 in
1329 2289 1447 2338 duas
1489 2299 1655 2356 partes
1692 2294 1776 2341 fiet
1804 2301 1852 2340 et
1878 2295 1940 2342 ob

96 2391 203 2422 eam
230 2390 429 2422 causam
455 2373 655 2421 irritatis
683 2373 859 2421 animis
886 2373 1131 2437 utrimque
1161 2390 1297 2422 arma
1336 2374 1590 2439 capientur
1616 2377 1937 2440 pugnabitur-

94 2474 214 2521 que,
253 2463 358 2504 tum
397 2457 478 2521 qui
515 2457 566 2505 in
605 2473 663 2505 eo
691 2464 913 2523 tempore
940 2458 991 2504 in
1019 2473 1176 2521 eoque
1206 2473 1322 2506 casu
1349 2457 1506 2505 civilis
1538 2457 1808 2508 discordiae
1836 2477 1936 2510 non

93 2539 311 2588 alterutri
349 2540 478 2604 parti
517 2556 568 2588 se
608 2540 916 2604 adjunxerit,
957 2539 1043 2589 sed.
1083 2539 1326 2589 solitarius
1369 2549 1722 2609 separatusque
1752 2558 1779 2589 a
1806 2559 1936 2590 com-

94 2623 228 2671 muni
255 2622 382 2671 malo
409 2622 618 2671 civitatis
645 2623 927 2682 secesserit,
966 2623 1007 2671 is
1047 2623 1194 2673 domo
1235 2624 1398 2689 patria
1435 2623 1740 2690 fortunisque
1782 2626 1935 2677 omni<

95 2708 185 2756 bus
212 2711 401 2766 caret0‚
444 2706 556 2754 exul
584 2706 888 2770 extorrisque
917 2711 1033 2756 esto.

234 2800 546 2849 Plutarch
562 2817 630 2850 us
668 2808 831 2850 tamen
860 2801 1163 2868 (Praecepta
1188 2819 1293 2866 ger.
1321 2803 1441 2869 reip.
1471 2805 1711 2866 XXXII.)
1750 2809 1930 2874 impro-

91 2886 176 2934 bat
201 2885 329 2934 hanc
358 2883 553 2932 Solonis
579 2884 761 2947 legem,
800 2901 1012 2950 namque
1040 2902 1197 2951 neque
1224 2886 1275 2934 in
1303 2903 1523 2952 corpore,
1552 2889 1721 2954 inquit,
1751 2909 1775 2940 e
1804 2910 1929 2941 mor-

91 2969 155 3018 bo
184 2969 246 3018 ad
273 2968 533 3017 sanitatem
558 2967 792 3017 redeundi
819 2967 1011 3017 initium
1037 2970 1091 3017 fit
1115 2969 1177 3018 ab
1200 2987 1298 3019 una
1323 2977 1464 3034 parte
1492 2974 1729 3039 correptis
1756 2976 1926 3037 morbo

91 3052 343 3113 membris,
371 3051 458 3100 sed
486 3057 601 3112 tum,
631 3069 781 3116 quum
806 3059 938 3101 recte
966 3053 1232 3101 valentium
1260 3054 1474 3119 partium
1500 3057 1759 3121 temperies
1786 3076 1926 3123 prae—

91 3135 260 3184 valens
301 3135 376 3196 id,
417 3134 546 3199 quod
585 3141 790 3184 naturae
827 3136 1165 3201 repugnabat,
1207 3135 1435 3201 depellit3
1480 3155 1637 3203 neque
1665 3141 1714 3188 in
1741 3142 1926 3206 populo

93 3217 326 3266 seditione
353 3218 644 3267 conturbato
673 3218 831 3267 minus
870 3234 1069 3267 necesse
1109 3225 1206 3281 est,
1247 3226 1299 3268 ut
1339 3220 1467 3284 quod
1507 3222 1841 3289 incorruptum
1868 3240 1926 3272 ac

92 3302 490 3369 sanummansit,
531 3301 739 3349 multum
766 3307 1161 3366 contemperetur
1194 3309 1340 3368 atque
1367 3321 1465 3353 una
1492 3305 1702 3354 habitet:
1741 3306 1803 3354 ad
1830 3307 1923 3354 hoc

91 3384 217 3433 enim
255 3386 455 3433 confluit
492 3384 728 3450 quidquid
767 3401 1001 3434 sanorum
1026 3385 1278 3438 hominum
1305 3395 1378 3438 est
1402 3389 1532 3441 idem
1560 3388 1798 3453 sentiens,
1839 3407 1918 3442 eo-
