2114 3642
158 269 260 318 310
883 278 964 309 ms
988 274 1266 309 PUBLICUM.

1001 401 1151 451 1215.

300 502 369 552 Τὸ
420 504 729 565 παρανομεῖν
780 498 848 551 εἰς
900 493 1104 558 κήρυκα
1156 499 1245 543 καὶ
1298 498 1550 560 πρέσβεις,
1610 495 1763 545 πᾶσιν
1812 493 1984 560 ἀσεβὲς

156 586 280 635 εἶναι
312 585 465 634 δοκεῖ.
977 580 1257 639 (Demosth.
1294 582 1462 630 literae
1491 581 1665 648 Philip.
1698 582 1839 641 159.)

996 698 1145 747 1215.

292 798 678 848 Caduceatorem
707 803 754 843 et
780 795 969 857 legatos
996 793 1181 843 violare
1210 796 1436 843 omnibus
1463 796 1667 861 impium
1696 795 1896 844 videtur.

990 913 1138 962 1216.

281 1007 421 1058 Ἐπεὶ
462 1004 489 1058 ὁ
533 1011 783 1073 πεμφθεὶς
833 1004 992 1068 κῆρυξ
1032 1009 1191 1072 αἰτίᾳὲ
1217 1006 1320 1057 τῶν
1370 1011 1653 1076 Μεγαρέων
1704 1006 1976 1065 ἀπέθανεν,

148 1089 528 1155 ἔσπονδονμὲν
553 1091 681 1140 εἶναι
709 1094 797 1138 καὶ
827 1087 1126 1153 ἀκήρυκτον
1165 1093 1391 1155 ἔχθραν,
1432 1088 1485 1147 ὃς
1527 1091 1569 1139 δ’
1609 1088 1674 1139 ἄν
1713 1090 1860 1154 ἐπιβῇ
1901 1089 1982 1149 τῆς

140 1174 377 1234 Ἀττικῆς
415 1179 724 1243 οῑὶῖεγαρέων,
768 1170 981 1236 θανάτῳ
1027 1173 1366 1238 ζημιοῦσθαι,
1406 1173 1525 1230 τούς
1567 1173 1615 1223 δὲ
1657 1172 1978 1242 στρατηγούς,

146 1257 272 1308 ὅταν
311 1256 536 1322 ὀμνύωσι
576 1256 667 1305 τὸν
707 1255 919 1321 πάτριον
960 1256 1150 1322 ὅρκον,
1190 1256 1493 1322 ἐπομνύειν,
1533 1255 1611 1307 ὅτι
1650 1261 1742 1306 καὶ
1777 1256 1851 1313 δὶς
1878 1255 1976 1306 ἀνὰ

147 1343 248 1390 πᾶν
274 1344 382 1397 ἔτος
409 1344 477 1397 εἰς
502 1340 596 1399 τὴν
627 1340 934 1408 Μεγαρικήν
960 1340 1254 1407 ἐμβαλοῦσι,

1222 1425 1497 1487 (Plutarch.
1527 1425 1697 1475 Pericl.
1727 1425 1836 1486 30.)

987 1500 1135 1547 1216.

287 1594 450 1654 Quum
477 1594 793 1657 Megarenses
821 1594 1021 1643 missum
1049 1594 1423 1643 caduceatorem
1448 1593 1796 1653 interfecerint,
1824 1592 1978 1641 inimi-

145 1677 258 1724 citia
283 1677 590 1725 internecina
617 1686 663 1724 et
689 1677 1013 1741 implacabilis
1041 1677 1350 1741 capitaleque
1379 1685 1482 1725 esto
1510 1675 1910 1739 Megarensibus,
1940 1676 1978 1723 si

145 1760 252 1824 quis
279 1776 446 1807 eorum
472 1761 522 1807 in
550 1760 714 1810 Attica
753 1760 1014 1824 vestigium
1053 1760 1300 1824 posuerit,
1343 1759 1490 1808 duces
1530 1776 1750 1825 quoque,
1791 1777 1900 1807 cum
1928 1758 1977 1808 se

143 1851 446 1892 sacramento
474 1861 502 1891 a
528 1843 798 1907 majoribus
825 1851 1028 1908 accepto
1062 1842 1404 1906 obstringunt,
1437 1843 1631 1908 jurent,
1672 1843 1747 1892 bis
1774 1850 1976 1907 quotan-

142 1927 217 1974 nis
244 1944 293 1975 se
319 1928 369 1975 in
397 1926 741 1990 Megarensem
767 1944 940 1990 agrum
969 1926 1186 1975 facturos
1214 1927 1464 1992 impetum.

991 2045 1139 2093 1217.

289 2140 392 2186 Τοῦ
415 2138 640 2202 μάντεως
667 2136 937 2199 φείδεσθαι
965 2136 1086 2193 τούς
1114 2140 1399 2202 πολεμίους.

1160 2224 1394 2283 (Zenobii
1423 2229 1605 2271 centur.
1635 2222 1692 2285 V,
1723 2223 1831 2282 34.)

283 2426 462 2476 Vatem
489 2443 550 2475 ne
579 2427 765 2474 violent
793 2426 975 2475 hosteS.

286 2613 652 2679 Πυριρόροι,
695 2616 741 2661 οὶ
781 2614 920 2677 ἱερεῖς
948 2615 993 2661 οἱ
1022 2611 1301 2677 ἐπιβώμιον
1328 2613 1427 2677 πῦρ
1454 2610 1778 2672 ἀνάπτοντες,
1819 2608 1890 2664 ὧν
1916 2619 1970 2663 ἐν

144 2703 244 2752 1τοῖς
272 2702 502 2761 πολέμοις
531 2700 574 2745 οἱ
606 2696 926 2756 νενικηκότες
952 2697 1231 2759 φείδονται.
1586 2700 1830 2761 (Suidas.)

287 2912 485 2973 Igniferi
513 2921 625 2962 sunt
650 2914 958 2973 sacerdotes,
998 2914 1165 2976 ignem
1203 2914 1251 2961 in
1279 2915 1374 2961 aris
1402 2913 1749 2973 accendentes,
1791 2913 1964 2977 quibus

147 2993 350 3041 victores
377 2996 423 3041 in
452 2997 582 3046 bello
611 3005 831 3062 parcunt.

292 3155 404 3203 Τῶν
424 3155 747 3207 Ἐλευσινίων
774 3158 1040 3227 ἀγομένων
1068 3159 1366 3223 περιίτωσάν
1391 3164 1967 3223 τινεςχειροτονηθέντες

147 3237 365 3294 σπονδάς
392 3240 651 3297 ποιοῦντες
690 3248 745 3291 ἐν
782 3251 889 3299 ταῖς
932 3242 1165 3299 πόλεσιν,
1205 3240 1330 3291 ὥστε
1361 3242 1431 3307 μή
1460 3247 1696 3305 πολεμεῖν
1721 3263 1834 3292 τινα
1865 3242 1967 3290 τῶν

137 3318 421 3380 *Ελλήνωιω
463 3320 570 3368 ἀλλ’
599 3320 869 3385 ἡσυχάζειν
894 3331 949 3375 ἐν
976 3324 1141 3389 τούτῳ
1168 3325 1239 3390 τῷ
1266 3325 1443 3391 καιρῷ.

580 3408 764 3463 (Schol.
791 3412 838 3459 in
867 3411 1091 3460 Aeschin.
1121 3412 1179 3460 ‹lc
1206 3413 1330 3461 male
1358 3419 1477 3474 gost.
1507 3411 1650 3473 legat.
1686 3412 1824 3470 133.)
