2114 3642
169 237 270 287 578
703 249 1110 286 COMMENTARIUS
1139 249 1208 281 An
1237 245 1343 282 1180.
1375 246 1479 282 1183.

941 384 1041 437 Ad
1065 386 1242 438 1180.

312 501 456 567 Apud
482 495 901 548 Lacedaemonios
928 495 1222 560 permissum
1251 503 1354 543 erat
1377 511 1541 544 amare
1560 510 1738 559 pueros
1765 493 2018 559 praeclara

166 583 328 632 indole
357 582 623 649 praeditos:
665 579 750 627 sed
778 586 921 642 turpe
949 577 1295 642 judicabatur,
1339 579 1376 625 si
1406 578 1511 643 quis
1541 577 1602 624 ab
1633 578 1796 625 animo
1826 575 1885 624 ad
1913 593 2015 623 cor-

167 685 257 732 pus
297 681 512 714 amorem
554 662 869 711 transferret:
911 668 957 708 et
984 662 1064 725 qui
1093 661 1327 724 polluisse
1369 662 1583 725 aliquem
1624 659 1935 719 crederetur,
1978 660 2018 706 is

166 750 362 798 infamis
403 766 490 812 per
531 765 725 796 omnem
770 747 920 794 vitam
954 745 1240 795 habebatur.
1283 747 1647 807 (Plutarch.
1690 747 2019 794 Instituta

166 832 494 881 Laconica
521 832 599 891 7.)

933 911 1033 964 Ad
1064 912 1241 964 1183.

305 1021 639 1088 Theophrasti
679 1030 840 1070 aetate
881 1040 981 1070 non
1021 1023 1234 1088 amplius
1274 1021 1473 1084 vigebat
1514 1021 1635 1070 haec
1675 1021 1871 1070 Solonis
1911 1019 2018 1080 lex;

163 1107 241 1155 ille
269 1107 400 1155 enim
441 1107 609 1154 scribit.
650 1106 709 1154 de
750 1106 956 1169 loquace
999 1106 1228 1165 (Notatio
1255 1123 1446 1153 morum
1474 1104 1639 1163 VII.):
1680 1104 1821 1152 ludos
1848 1120 1905 1152 ac
1933 1120 2018 1169 pa-

162 1191 365 1238 laestras
407 1191 681 1253 ingressus,
732 1197 785 1236 ut
826 1206 887 1236 ne
927 1196 1120 1236 tantum
1162 1189 1300 1253 pueri
1340 1187 1593 1236 addiscant
1634 1188 1827 1236 efficere
1866 1187 2017 1247 solet,

164 1274 316 1322 verba
342 1273 531 1322 interea
558 1290 670 1321 cum
704 1289 967 1337 corporum
1010 1272 1423 1321 exercitatoribus
1451 1280 1499 1319 et
1525 1271 1878 1335 ludimagistris
1906 1271 2016 1319 fun-

164 1358 341 1406 ditans.

307 1441 545 1491 Nonnulli
585 1448 760 1505 putant
806 1440 939 1506 apud
984 1439 1312 1489 Athenienses
1365 1439 1510 1488 etiam
1561 1438 1777 1487 coelibes
1817 1437 2020 1503 punitos

163 1525 311 1573 fuisse
339 1525 621 1573 introducta
648 1532 820 1573 contra
862 1542 945 1572 eos
985 1541 1053 1571 co
1072 1524 1202 1571 elib
1221 1531 1364 1571 atus
1404 1540 1431 1570 a
1451 1524 1631 1570 ction
1649 1541 1672 1571 e
1714 1517 2015 1587 (ἀγαμίου).

164 1607 344 1656 Scribit
371 1609 501 1656 enini
531 1607 822 1656 Plutarchus
857 1607 944 1666 (de
974 1624 1124 1655 amor.
1155 1606 1278 1671 prol.
1320 1623 1425 1671 cap.
1457 1608 1529 1654 2.:
1576 1602 1630 1650 τά
1665 1604 1765 1662 ζῶα
1796 1644 1802 1651 .
1835 1645 1844 1654 .
1876 1646 1884 1653 .
1915 1599 2019 1651 οὐκ

163 1687 399 1752 ἀναμένει.
442 1688 629 1752 νόμους
669 1687 875 1756 ἀγάμου
915 1692 1004 1736 καὶ
1046 1686 1342 1755 ὀψιγάμου,
1397 1687 1638 1750 καθάπερ
1680 1690 1724 1734 οἱ
1769 1685 2020 1750 Λυκούρ-

163 1792 258 1840 γου
288 1776 484 1821 πολῖται
514 1778 603 1821 καὶ
634 1773 890 1829 Σόλωνος.
940 1776 1120 1834 (Bruta
1151 1813 1158 1822 .
1191 1814 1198 1822 .
1235 1813 1241 1820 .
1276 1793 1377 1822 non
1419 1782 1686 1839 expectant
1725 1774 1862 1838 leges
1902 1790 2018 1821 con-

162 1866 237 1907 tra
276 1859 572 1907 coelibatum
614 1867 697 1908 aut
735 1861 890 1907 serius
930 1858 1328 1918 matrimonium,
1378 1866 1429 1905 ut
1470 1858 1689 1922 Lycurgi
1735 1865 1783 1905 et
1823 1856 2017 1906 Solonis

162 1942 338 2001 cives.)

306 2038 395 2088 His
422 2046 585 2086 tamen
613 2037 904 2087 contradicit
930 2038 1067 2085 locus
1097 2036 1299 2085 Stobaei
1337 2041 1507 2096 (serm.
1540 2038 1620 2097 68,
1646 2038 1772 2103 β3);
1814 2033 2015 2091 Σόλων,

164 2119 608 2185 συμβουλεύοντος
652 2117 785 2175 τινος
825 2117 968 2182 αὐτῷ
1009 2116 1141 2165 κατι),
1184 2118 1286 2166 τῶν
1321 2116 1390 2181 μή
1422 2117 1734 2185 γαμούντων
1761 2121 2019 2183 ἐπιτίμιον

166 2203 305 2263 τάξαι
326 2243 337 2261 ,
359 2203 621 2267 χαλεπὸν,
651 2203 788 2252 εἶπεν
807 2242 816 2259 ,
847 2198 883 2250 ὦ
912 2198 1185 2265 ἄνθρωπε,
1223 2205 1440 2265 φορτίον
1470 2198 1494 2261 ἦ
1525 2202 1667 2271 γυνή.
1709 2207 1900 2267 (Quum
1928 2204 2017 2253 So-

164 2291 263 2338 loni
293 2291 548 2339 consilium
576 2290 789 2339 dedisset
817 2289 1017 2353 aliquis,
1060 2297 1111 2336 ut
1152 2289 1388 2337 adversus
1431 2290 1647 2337 coelibes
1681 2305 1892 2354 poenam
1921 2296 2015 2336 sta-

164 2382 349 2434 tueret,
392 2373 670 2439 respondit:
710 2389 863 2436 grave
892 2389 1014 2419 onus
1043 2381 1116 2420 est
1143 2373 1360 2431 mulier.)
1753 2426 1765 2461 t·

312 2469 451 2534 Apud
481 2467 904 2517 Lacedaemonios
932 2467 1179 2530 virginum
1207 2468 1520 2532 spectacula,
1562 2466 1884 2528 nudationes,
1915 2483 2016 2515 cer-

166 2553 448 2617 taminaque
477 2553 525 2600 in
555 2559 823 2617 conspectu
843 2552 1086 2616 juvenum
1116 2551 1274 2611 edita,
1310 2569 1392 2599 eos
1421 2551 1480 2599 ad
1510 2552 1821 2599 matrimonia
1846 2551 2015 2599 stimu-

167 2634 347 2684 labant.
391 2637 452 2684 Et
479 2637 741 2701 Lycurgus
768 2652 980 2700 poenam
1010 2636 1264 2683 constituit
1291 2636 1373 2695 iis,
1410 2636 1491 2699 qui
1520 2653 1696 2683 uxores
1725 2635 1901 2683 ducere
1930 2652 2015 2681 no-

169 2718 384 2767 luissent.
436 2718 747 2767 Arcebantur
787 2735 967 2783 nempe
1008 2735 1037 2765 a
1075 2718 1359 2783 spectandis
1395 2719 1595 2782 quaein
1624 2717 2017 2783 Gymnopaediis

171 2809 382 2863 aguntur
409 2803 784 2859 certaminibus,
825 2808 873 2849 et
912 2801 1070 2848 hieme
1105 2802 1413 2866 jubebantur
1441 2819 1469 2849 a
1496 2801 1866 2865 magistratibus
1896 2800 2014 2850 nudi

170 2884 219 2929 in
247 2884 413 2931 orbem
442 2887 695 2933 circumire
726 2885 898 2943 forum,
928 2893 1074 2948 atque
1103 2886 1230 2932 inter
1259 2885 1658 2946 circumeundum
1687 2893 1884 2934 cantare
1912 2901 2013 2932 car-

172 2983 283 3013 men
311 2969 557 3029 quoddam
586 2971 630 3017 in
661 2987 711 3017 se
741 2968 1096 3034 compositum,
1139 2987 1235 3033 quo
1277 2951 1563 3019 iudicabant
1601 2970 1776 3018 merito
1815 2985 1866 3017 se
1895 2969 2015 3017 haec

172 3050 300 3114 pati,
328 3051 455 3113 quod
481 3053 672 3117 legibus
701 3053 1043 3116 obtemperare
1073 3051 1273 3100 nollent.
1317 3053 1646 3102 privabantur
1674 3053 1817 3100 etiam
1846 3069 1903 3098 eo
1930 3050 2014 3099 ho-

172 3149 303 3191 nore,
322 3149 463 3196 quem
486 3136 706 3196 juniores
723 3136 921 3183 senibus
940 3136 1187 3184 exhibent.
1216 3136 1571 3194 (Plutarch.
1602 3137 1727 3201 Lyc
1745 3151 1774 3181 u
1793 3152 1814 3182 r
1829 3152 1875 3197 g.
1909 3136 2014 3191 15.)

319 3227 475 3277 Athe
494 3245 523 3274 n
541 3246 686 3277 aeus
714 3232 852 3291 XIII,
873 3232 998 3278 556:
1028 3230 1400 3279 Lacedaemone
1430 3231 1567 3279 festis
1596 3229 1890 3293 quibusdam
1913 3229 2012 3277 die-

173 3311 265 3360 bus
294 3311 424 3358 viros
452 3311 665 3358 coelibes
695 3323 874 3377 nuptae
909 3315 1139 3362 mulieres
1180 3315 1306 3361 circa
1334 3315 1486 3362 altare
1514 3313 1766 3363 trahentes
1794 3312 2014 3377 colaphis

173 3392 408 3452 caedunt;
448 3410 544 3456 quo
572 3393 665 3445 illi,
702 3395 1042 3457 indignitatem
1068 3398 1172 3461 ejus
1201 3397 1529 3445 contumeliae
1555 3396 1830 3460 fugientes,
1870 3403 2011 3444 natu—
