2161 3673
243 251 311 297 38
968 260 1047 292 ms
1072 254 1348 288 PUBLICUM.

237 391 333 453 μὲν
360 386 599 453 περὶτῶν
623 380 1000 452 βουλευτικῶν,
1042 376 1280 442 δεύτερον
1319 377 1370 428 δὲ
1411 381 1520 442 περὶ
1557 376 1660 426 τῶν
1699 375 1923 434 κοινῶν,
1964 373 2070 424 εἶτα

244 474 300 522 οἳ
321 480 520 521 κεῖνται
545 478 647 527 τοῖς
674 472 816 519 ἐννέα
842 462 1121 529 ἄρχουσιν,
1150 460 1257 511 εἶτα
1282 461 1384 511 τῶν
1410 458 1581 510 ἄλλων
1606 458 1806 524 ἀρχῶν·
1832 454 1859 519 ἦ
1889 457 1934 507 δ’
1960 462 2070 508 ἐπι-

236 557 532 619 χειροτονία
559 554 682 602 ἔστω
709 547 735 608 ἦ
765 550 990 612 προτέρα,
1019 542 1123 609 ὅτῳ
1151 543 1403 594 δοκοῦσιν
1429 542 1611 607 ἀρκεῖν
1635 544 1684 591 οἱ
1699 540 1849 607 νόμοι
1870 543 1919 590 οὶ
1940 543 2071 606 βου-

244 641 468 687 λευτικοί
488 653 497 664 ·
532 633 558 695 ἦ
589 635 633 683 δ’
659 630 864 694 ὑστέρα,
906 626 1009 694 ὅτῳ
1030 627 1100 693 μὴ
1131 627 1411 686 δοκοῦσιν,
1452 625 1556 675 εἶτα
1582 626 1685 676 τῶν
1710 625 1909 675 κοινῶν
1935 622 2069 674 κατὰ

243 716 427 768 ταύτά·
464 717 556 776 τὴν
588 716 631 763 δ’
657 714 1066 776 ἐπιχειροτονίαν
1099 709 1230 760 εἶναι
1256 710 1359 759 τῶν
1384 708 1558 773 νόμων
1582 707 1718 758 κατὰ
1742 707 1863 765 τούς
1884 707 2072 773 νόμους

244 799 364 856 τούς
389 803 674 863 κειμένους·
714 792 807 844 ε’·οὶν
833 793 881 842 δὲ
911 813 1040 850 τινες
1065 792 1169 842 τῶν
1193 791 1368 857 νόμων
1392 790 1496 841 τῶν
1521 796 1771 856 κειμένων
1797 790 2072 855 ἀποχειρο-

243 881 524 941 τονηθῶσι,
562 876 682 934 τούς
710 875 999 942 πρυτάνεις,
1044 880 1123 937 ἐφ’
1151 868 1225 924 ὧν
1251 871 1317 923 ἂν
1359 870 1386 933 ἦ
1431 877 1808 940 ἐπιχειροτονία
1840 878 2072 942 γένηται,

245 972 408 1013 ποιεῖν
444 965 551 1025 περὶ
590 959 694 1010 τῶν
732 958 1307 1023 ἀποχειροτονηθέντων
1339 954 1434 1015 τὴν
1468 960 1764 1007 τελευταίαν
1795 957 1899 1007 τῶν
1923 957 2075 1022 τριῶν

245 1044 551 1104 ἐκκλησιῶν·
590 1041 712 1100 τούς
740 1042 789 1092 δὲ
823 1039 1119 1107 προέδρους,
1161 1042 1218 1089 οἳ
1253 1037 1322 1090 ἂν
1357 1039 1648 1108 τυγχάνωσι
1688 1039 2074 1105 προεδρεύοντες

243 1133 298 1178 ἐν
333 1126 488 1189 ταύτῃ
521 1125 579 1189 τῇ
607 1129 883 1190 ἐκκλησίᾳ,
916 1126 1249 1188 χρηματίζειν
1287 1121 1571 1191 ἐπάναγκες
1611 1123 1813 1188 πρῶτον
1845 1122 1973 1188 μετὰ
2011 1120 2074 1172 τοὶ

242 1208 341 1275 ἱερά
373 1213 479 1273 περὶ
506 1208 609 1257 τῶν
633 1207 964 1273 νομοθετῶν,
1004 1212 1131 1256 καθ’
1161 1204 1190 1255 ὅ
1218 1227 1267 1255 τι
1289 1205 1674 1266 καθεδοῦνται,
1713 1211 1804 1255 καὶ
1840 1210 1949 1273 περὶ
1981 1205 2074 1255 τοῦ

243 1291 505 1360 ἀργυρίου,
534 1286 737 1340 ὁπόθεν
762 1299 866 1348 τοῖς
892 1295 1196 1355 νομοθέταις
1225 1291 1361 1338 ἔσται
1378 1305 1387 1316 ·
1414 1289 1532 1347 τούς
1559 1289 1608 1339 δὲ
1637 1293 1921 1354 νομοθέτας
1947 1287 2076 1338 εἶναι

243 1382 301 1426 ἐκ
336 1374 439 1424 τῶν
476 1373 827 1439 ὀμωμοκότων
860 1374 953 1424 τὸν
1000 1371 1300 1434 ἧλιαστικον
1327 1371 1490 1437 ὅρκον
1510 1389 1520 1400 ·
1559 1372 1651 1423 ἐὰν
1677 1372 1722 1421 δ’
1739 1375 1786 1422 οἱ
1813 1371 2078 1436 πρυτάνεις

238 1456 309 1523 μὴ
339 1457 515 1506 ποιῶσι
540 1455 672 1506 κατὰ
700 1456 761 1506 τοὶ
789 1463 1109 1526 γεγραμμένα
1135 1457 1227 1517 τήν
1267 1460 1574 1517 εκκλησίαν,
1617 1453 1647 1516 ἢ
1676 1458 1722 1505 οἱ
1750 1454 1981 1520 πρόεδροι
2002 1451 2074 1519 μὴ

237 1544 576 1606 χρεματίσωσι
615 1539 749 1589 κατὰ
782 1539 844 1589 τὰ
883 1546 1230 1609 γεγραμμένα,
1271 1539 1500 1603 ὀφείλειν
1536 1540 1639 1589 τῶν
1658 1543 1756 1604 μὲν
1783 1537 2077 1603 πρυτάνεων

244 1630 463 1675 ἕκαστον
480 1626 655 1686 χιλίας
682 1623 911 1688 δραχμάς
938 1623 1068 1690 ἱεράς
1102 1623 1160 1687 τῇ
1182 1622 1416 1689 Ἀθηνᾷ·
1465 1623 1568 1672 τῶν
1595 1622 1644 1672 δὲ
1673 1621 1929 1687 προέδρων
1954 1626 2076 1671 ἕκα-

245 1725 357 1763 στος
384 1705 622 1769 ὀφειλέτω
643 1709 829 1771 μυρίας
856 1711 912 1769 *)
954 1704 1181 1771 δραχμάς
1220 1705 1352 1773 ἱεράς
1390 1704 1449 1770 τῇ
1479 1704 1708 1771 Ἀθηνᾷ·
1747 1709 1837 1754 καὶ
1873 1703 2077 1764 ἔνδειξις

246 1787 416 1839 αὐτῶν
444 1792 566 1839 ἔστω
594 1787 715 1854 πρὸς
741 1788 861 1846 τούς
891 1795 1236 1854 θεσμοθέτας,
1276 1789 1515 1853 καθάπερ
1552 1788 1641 1838 ἐάν
1666 1809 1738 1845 τις
1767 1784 1900 1852 ἄρχῃ
1928 1786 2077 1850 ὀφεί-

246 1876 346 1922 λων
371 1871 441 1938 τῴ
473 1872 726 1938 δημοσίῳ·
768 1874 815 1920 οἱ
854 1871 903 1920 δὲ
948 1877 1259 1936 θεσμοθέται
1297 1871 1418 1929 τούς
1457 1871 1811 1935 ἐνδειχθέντας
1838 1870 2076 1939 εἰσαγόν-

245 1976 346 2005 των
383 1959 452 2012 εἰς
490 1954 548 2005 τὸ
591 1955 919 2019 δικαστήριον
969 1955 1103 2005 κατὰ
1152 1956 1247 2006 τὸν
1296 1955 1489 2021 νόμον,
1543 1952 1572 2015 ἢ
1604 1953 1675 2019 μή
1717 1954 1971 2004 ἀνιόντων
2009 1958 2078 2012 εἰς

232 2034 444 2104 ”Αρειον
470 2042 666 2108 πάγον,
709 2034 777 2095 ὦς
803 2038 1147 2096 καταλύοντες
1173 2038 1268 2099 τὴν
1294 2038 1651 2104 ἐπανόρθωσιν
1677 2038 1780 2088 τῶν
1805 2037 1992 2102 νόμων.

389 2120 504 2187 Πρὸ
545 2122 593 2172 δὲ
634 2123 716 2181 τῆς
767 2125 1038 2181 ἐκκλησίας
1079 2118 1105 2171 ὀ
1147 2120 1464 2186 βουλόμενος
1495 2120 1799 2182 Ἀθηναίων
1836 2125 2078 2171 ἐκτιθέτω

248 2205 439 2271 πρόσθε
482 2206 585 2255 τῶν
629 2204 947 2270 Ἐπωνύμων
997 2203 1198 2273 γράψας
1249 2203 1369 2261 τούς
1421 2204 1638 2269 νόμους,
1692 2201 1782 2262 οὒς
1823 2203 1891 2254 ὀίν
1927 2205 2078 2269 τιθῇ,

249 2285 380 2344 ὅπως
408 2285 475 2337 ἂν
502 2287 621 2355 πρὸς
647 2286 705 2337 τὸ
740 2288 937 2347 πλῆθος
976 2287 1079 2336 τῶν
1115 2291 1368 2336 τεθέντων
1406 2287 1582 2352 νόμων
1622 2291 1901 2353 ψηφίσηται
1929 2284 1957 2337 ὀ
1988 2287 2078 2347 δῆ-

245 2391 340 2435 μος
366 2376 474 2439 περὶ
511 2371 603 2420 τοῦ
638 2371 842 2436 χρόνου
880 2378 986 2427 τοῖς
1024 2374 1359 2435 νομοθέταις·
1399 2366 1427 2420 ὀ
1470 2370 1518 2420 δὲ
1557 2375 1719 2428 τιθεὶς
1757 2369 1853 2421 τὸν
1891 2370 2081 2422 καινὸν

251 2453 416 2518 νόμον
454 2453 758 2522 ἀναγράψας
795 2457 862 2511 εἰς
889 2453 1126 2519 λεύκωμα
1153 2459 1397 2504 ἐκτιθέτω
1424 2453 1616 2518 πρόσθε
1641 2454 1744 2503 τῶν
1763 2452 2082 2520 Ἐπωνύμων

253 2532 483 2601 ὁσημέραι
509 2540 596 2594 ἓως
623 2533 690 2587 &v
718 2533 744 2597 ἧ
771 2539 1018 2597 ἐκκλησία
1043 2541 1256 2605 γένηται.
1307 2539 1576 2603 Αἱρεῖσθαι
1608 2536 1657 2587 δὲ
1685 2541 1775 2586 καὶ
1809 2536 1930 2596 τούς
1956 2555 2080 2588 συν-

253 2624 721 2687 απολογησομένους
758 2619 853 2670 τὸν
892 2619 1056 2685 δῆμον
1088 2627 1194 2676 τοῖς
1222 2619 1426 2685 νόμοις,
1469 2621 1524 2669 οἳ
1547 2617 1614 2669 ἂν
1640 2625 1696 2669 ἐν
1721 2628 1826 2678 τοῖς
1852 2625 2080 2686 νομοθέ-

255 2721 359 2758 ταις
386 2701 601 2751 λύωνται
618 2742 631 2763 ,
672 2708 814 2753 πέντε
841 2699 1030 2768 ἄνδρας
1057 2708 1107 2764 ἐξ
1126 2700 1432 2763 Ἀθηναίων
1469 2699 1713 2754 ἁπάντων
1749 2704 1808 2768 τῇ
1836 2704 2080 2770 ἑνδεκάτῃ

255 2782 347 2833 τοῦ
366 2780 821 2851 ςΕκατομβαιῶνος
839 2785 1012 2852 μηνός.

565 2872 844 2931 (Demosth.
871 2890 913 2923 c.
942 2872 1204 2922 Timocrat.
1234 2872 1526 2920 706—707.
1555 2872 1658 2922 Lex
1686 2872 1939 2936 Solonis.)

1117 2989 1230 3038 148.

399 3083 591 3130 Primae
619 3084 875 3148 prytaniae
903 3084 981 3134 die
1008 3084 1267 3134 undecimo
1294 3086 1344 3134 in
1384 3087 1643 3145 concione,
1684 3093 1940 3151 postquam
1969 3094 2083 3138 vota

260 3173 458 3233 peracta
484 3165 666 3214 fuerint
692 3182 721 3214 a
746 3183 1014 3230 praecone,
1055 3169 1326 3218 sciscantur
1363 3170 1527 3234 leges,
1566 3170 1776 3234 primum
1802 3168 1861 3217 de
1889 3178 2080 3224 senato-

262 3250 344 3298 riis
369 3247 539 3307 rebus‚
579 3248 753 3297 deinde
792 3249 849 3298 de
876 3252 1240 3313 communibus,
1280 3260 1382 3300 tum
1422 3251 1479 3302 de
1518 3252 1592 3301 his
1630 3268 1754 3318 quae
1791 3269 1970 3303 novem
2007 3272 2080 3304 ar-

322 3389 368 3439 ἢὍ
401 3386 602 3431 Codices:
633 3389 973 3447 τετταράκοντα.
