2114 3642
165 182 267 230 624
641 190 1046 227 coMMEN'rAums
1072 187 1142 221 AD
1174 188 1277 222 1464.
1308 187 1410 223 1465.
1440 189 1542 223 1467.

930 338 1029 390 Ad
1062 339 1251 392 1464.

306 455 422 520 Graj
441 471 506 502 us
537 454 588 500 L.
620 450 702 500 IV.
733 448 806 497 ad
833 449 952 513 leg.
983 449 1094 499 XII.
1123 449 1344 498 tabul.:
1376 448 1645 497 Sciendum
1662 447 1800 495 estin
1815 448 2006 496 actione

165 538 334 587 finium
375 525 707 600 regundorum
748 532 864 582 illud
905 532 1277 582 observandum
1307 549 1439 591 esse,
1483 530 1613 596 quod
1642 530 1703 580 ad
1731 530 2009 596 exemplum

164 618 524 686 quodammodo
553 618 657 683 ejus
683 617 808 680 legis
836 617 1076 681 scriptum
1108 623 1208 676 est,
1243 633 1399 680 quam
1427 615 1629 666 Athenis
1657 613 1807 663 Solon
1834 613 2011 662 dicitur

162 705 356 765 tulisse,
396 718 510 750 nam
536 700 633 749 illic
660 701 728 749 ita
754 707 853 747 est:
882 737 889 748 .
923 738 931 747 .
960 736 970 746 .
997 694 1090 745 ἐὰν
1116 693 1316 760 τάφρον
1344 693 1374 756 ἢ
1400 694 1605 760 βόθρον
1633 693 1819 760 ὀρύττῃ
1837 732 1849 752 ,
1887 691 2012 743 ὅσον

163 783 220 832 τὸ
245 781 417 848 βάθος
441 777 501 845 ᾖ,
542 781 796 831 τοσοῦτον
836 778 1157 828 ἀπολείπειν·
1199 782 1379 829 ἐλαίαν
1414 779 1463 829 δὲ
1494 777 1524 838 ἢ
1552 778 1718 838 συκῆν
1746 782 1890 828 ἐννέα
1917 776 2013 826 πό-

164 867 251 923 δας
290 863 391 914 ἀπὸ
430 865 524 915 τοῦ
572 863 847 929 ἀλλοτρίου
888 861 1158 926 φυτεύειν,
1186 861 1260 911 ’τοὶ
1299 863 1348 912 δὲ
1377 860 1511 912 ἄλλα
1539 863 1719 927 δένδρα
1749 867 1891 912 πέντε
1919 861 2013 910 πό-

164 953 263 1006 ὂας.
304 951 382 1013 (Si
409 951 594 1001 fossam
621 951 699 999 vel
728 951 953 999 scrobem
985 949 1190 1009 foderit,
1232 955 1416 1015 quanta
1445 950 1506 997 sit
1533 949 1873 1015 profunditas,
1901 956 2007 998 tan-

162 1044 266 1085 tum
294 1034 355 1084 ab
383 1035 546 1084 alieno
574 1035 733 1084 distet.
788 1035 964 1084 Oleam
1005 1051 1121 1083 vero
1150 1041 1233 1083 aut
1262 1035 1410 1082 ficum
1438 1049 1616 1082 novem
1643 1032 1824 1098 pedum
1851 1032 2013 1098 spatio

162 1137 191 1168 a
217 1120 382 1168 vicino
409 1117 562 1167 fundo
591 1125 786 1184 oportet
814 1117 1063 1184 plantare,
1106 1118 1226 1167 alias
1255 1123 1419 1167 autem
1454 1117 1655 1166 arbores
1684 1116 1902 1182 quinque
1928 1132 2011 1181 pe-

162 1203 277 1251 dum
306 1203 511 1268 spatio.)

937 1270 1036 1324 Ad
1064 1271 1254 1324 1465.

307 1384 363 1432 In
383 1382 492 1447 jure
520 1381 766 1443 Romano,
796 1382 954 1442 viam,
983 1382 1100 1443 iter,
1130 1387 1320 1441 actum,
1350 1379 1740 1445 aquaeductum,
1771 1380 1852 1445 qui
1879 1379 2014 1428 bien-

165 1467 244 1515 nio
271 1484 387 1515 usus
414 1482 515 1512 non
544 1472 640 1524 est,
683 1464 901 1512 amisisse
931 1463 1153 1526 videtur,
1194 1481 1286 1513 nec
1315 1463 1446 1513 enim
1473 1482 1530 1513 ea
1556 1465 1760 1530 usucapi
1788 1470 2007 1530 possunt,

165 1566 289 1615 quae
331 1566 428 1598 non
468 1546 650 1597 utendo
692 1548 994 1604 amittuntur.
1040 1576 1105 1581 —
1146 1546 1368 1596 Servitus
1408 1546 1706 1597 hauriendae
1749 1564 1903 1613 aquae
1936 1545 2015 1594 vel

163 1631 418 1682 ducendae
445 1632 644 1681 biennio
673 1632 855 1679 omissa
880 1631 1151 1692 intercidit,
1194 1637 1242 1679 et
1268 1630 1469 1679 biennio
1498 1638 1735 1696 usurpata
1764 1631 2010 1697 recipitur.

166 1715 379 1775 (Pauli
419 1722 574 1765 sent.
616 1716 651 1776 I,
696 1714 804 1774 17.)

935 1784 1034 1837 Ad
1059 1785 1249 1837 1467.

310 1895 360 1944 Si
388 1896 496 1962 quis
535 1912 784 1945 servorum
828 1897 1129 1961 aufugisset,
1171 1896 1395 1945 dominus
1422 1914 1522 1944 non
1551 1896 1709 1944 solum
1737 1895 1842 1961 ipse
1872 1911 2018 1943 cona-

167 1980 312 2028 batur
337 1980 472 2029 illum
501 1997 695 2046 capere,
725 1980 808 2028 sed
837 1987 886 2028 et
912 1981 1034 2029 alios
1063 1980 1255 2029 solebat
1282 1997 1508 2042 evocare,
1537 1978 1817 2028 mercedem
1843 1980 2016 2028 inven-

166 2064 312 2112 tionis
340 2064 444 2129 ejus
471 2064 737 2129 praeconio
766 2063 1080 2113 denuntians,
1109 2061 1324 2126 Σῶστρα
1354 2058 1740 2126 ἁνακηρύσσων.
1785 2063 1952 2123 (Xen
1969 2081 2017 2110 o-

167 2147 352 2212 phon.
393 2147 596 2196 Memor.
637 2148 699 2209 II,
733 2147 810 2209 10,
841 2149 914 2206 2.)

310 2245 367 2293 In
395 2243 674 2309 hujusmodi
703 2245 970 2309 praeconio
998 2244 1227 2294 solebant
1255 2244 1440 2294 domini
1474 2242 1754 2293 describere
1784 2242 2017 2308 fugitivo-

170 2346 276 2377 rum
303 2344 507 2388 nomen,
547 2328 760 2392 patriam
788 2335 836 2376 et
865 2335 1020 2376 notas.
1073 2329 1259 2393 Tangit
1296 2329 1426 2377 hunc
1466 2344 1652 2376 morem
1691 2326 2020 2375 Lucianus

171 2411 416 2475 (Fugitivi
445 2410 583 2471 27.):
626 2409 711 2474 „Si
739 2414 846 2477 quis
872 2412 1174 2477 mancipium
1203 2412 1655 2478 Paphlagonicum,
1685 2409 1745 2459 de
1775 2409 2019 2476 Sinopen-

169 2496 304 2545 sibus
332 2494 583 2556 barbaris,
625 2494 823 2545 nomine
861 2496 945 2544 tali
986 2495 1117 2560 quod
1155 2496 1226 2566 ab,
1259 2495 1492 2546 habendo
1533 2494 1732 2543 ductum
1774 2501 1848 2543 est
1874 2495 1945 2557 (e.
1973 2511 2018 2558 g.

175 2574 412 2636 Κτήσων,
444 2574 765 2634 Κτήσιππος,
795 2573 1113 2642 Εὐκτήμων,
1147 2575 1530 2642 ΙΙολύκτητος),
1571 2572 1924 2645 suppallidum,
1961 2576 2021 2626 ad

172 2670 333 2712 cutem
371 2662 657 2724 detonsum,
698 2662 854 2712 barba
893 2663 1110 2730 prolixa,
1152 2663 1368 2714 indicare
1409 2662 1688 2714 conditione
1728 2679 1877 2726 quam
1917 2661 2021 2727 ipse

174 2745 379 2810 dixerit,
405 2747 618 2797 voluerit
643 2747 898 2798 accedat.“

317 2843 475 2892 Etiam
513 2844 564 2891 in
604 2843 791 2893 Moschi
832 2842 1009 2909 Idyllio
1050 2847 1129 2894 1-0
1168 2846 1376 2909 legimus
1415 2842 1654 2910 ejusmodi
1680 2842 2023 2909 praeconium;

176 2923 342 2973 Venus
370 2927 501 2976 enim
528 2927 595 2975 ibi
622 2928 880 2977 inclamat:
924 2928 1009 2991 „Si
1047 2929 1154 2992 quis
1187 2929 1236 2977 in
1263 2929 1419 2977 triviis
1448 2933 1696 2977 errantem
1723 2924 1846 2975 vidit
1874 2923 2021 2974 Amo-

176 3024 305 3068 rem,
346 3008 580 3070 fugitivus
616 3028 754 3060 meus
794 3018 881 3060 est.
934 3011 1090 3061 Index
1135 3014 1408 3076 praemium
1448 3010 1663 3059 habebit.
1718 3009 1906 3058 Merces
1935 3008 2023 3056 tibi

177 3090 268 3139 erit
307 3091 526 3139 osculum
566 3092 787 3142 Veneris.
841 3094 892 3143 Si
933 3112 1051 3143 vero
1094 3094 1358 3144 adduxeris
1393 3096 1583 3160 ipsum,
1626 3093 1772 3142 etiam
1799 3091 1910 3157 plus
1938 3091 2020 3140 ha-²

176 3172 329 3223 bebis.
382 3173 469 3221 Est
507 3184 667 3225 autem
708 3197 830 3243 puer
868 3178 1101 3243 insignis,
1144 3196 1350 3243 corpore
1390 3179 1493 3241 igni
1528 3176 1726 3235 similis,
1767 3176 1893 3224 oculi
1922 3175 2025 3238 ejus

176 3265 290 3306 sunt
317 3273 477 3314 acres,
505 3260 656 3305 oratio
684 3263 873 3324 suavis,
912 3270 1062 3327 caput
1090 3261 1289 3327 pulchre
1317 3261 1673 3321 cincinnatum,
1712 3275 1885 3307 manus
1914 3275 2022 3324 par-

179 3356 270 3393 vae
302 3340 423 3390 etc.“
