2114 3642
707 240 1112 272 COMMENTARIUS
1143 241 1208 273 An
1238 236 1341 273 1392.
1831 225 1927 272 611

188 365 273 414 III.
317 365 445 413 Tum
474 374 627 415 mater
654 374 699 414 et
726 367 807 430 qui
838 384 896 415 ex
923 368 1071 432 stirpe
1101 367 1380 416 maternain
1398 366 1544 414 domo
1573 365 1791 415 defuncti
1820 370 1930 430 sint,

316 449 407 496 hoc
439 449 636 497 ordine:

308 535 310 537 ’
378 531 418 578 1.
461 532 659 580 Fratres
689 548 955 596 eorumque
983 532 1148 592 liberi,

375 615 419 662 2.
461 613 617 663 Mater
646 624 692 662 et
720 632 827 662 cum
855 614 1018 663 liberis
1047 632 1265 664 sorores:
1308 626 1417 679 post
1445 617 1533 664 lios
1560 633 1724 665 rursus
1753 633 1811 664 ex
1840 633 1932 664 avo

461 699 633 745 aviave
663 698 895 745 maternis
925 697 1138 758 oriundi⁷

377 782 420 829 3.
463 779 756 829 Consobrini
784 781 1021 844 liberique
1052 800 1111 830 ex
1138 782 1194 829 iis
1224 784 1491 846 procreati,
1523 791 1569 830 et

379 864 421 911 4.
466 862 800 912 Consobrinae
831 881 1094 928 earumque
1123 865 1273 912 liberi.

186 957 268 1007 IV.
312 958 537 1023 Denique
589 961 762 1020 ceteri,
817 961 896 1024 qui
943 962 992 1007 in
1032 959 1247 1009 defuncti
1299 961 1450 1024 patris
1503 959 1675 1018 domo,
1728 961 1828 1009 sive
1881 961 1931 1008 in

311 1043 524 1106 ipsius
565 1052 758 1106 gente
800 1044 908 1091 sint.
963 1044 1112 1092 Primi
1152 1044 1299 1107 igitur
1338 1043 1399 1091 ad
1439 1043 1800 1092 successionem
1841 1060 1927 1092 vo-

307 1135 506 1174 cantur:

380 1210 420 1257 1.
464 1210 502 1258 Ε
544 1211 690 1259 domo
741 1211 819 1259 avi
870 1211 1090 1275 paterni⁷
1145 1219 1192 1257 et
1233 1210 1444 1274 primum
1487 1209 1681 1273 quidem
1723 1209 1783 1258 ab
1824 1211 1930 1273 ipso

462 1293 680 1342 oriundi:

462 1378 515 1435 a)
556 1377 736 1425 Fratris
766 1378 1006 1424 sororisve
1036 1393 1203 1441 nepos.>
1258 1376 1448 1425 Deinde

456 1459 514 1518 b)
555 1459 690 1509 Avus
718 1468 764 1507 et
791 1466 1021 1524 patruus,
1053 1458 1262 1522 denique
1291 1476 1318 1507 a
1347 1475 1532 1523 proavo
1563 1458 1751 1506 oriundi

460 1544 511 1601 c)
552 1543 757 1607 Propior
785 1541 1010 1601 sobrino,
1048 1551 1094 1590 et
1121 1543 1212 1607 ipsi

460 1625 517 1685 d)
559 1625 796 1674 Sobrinus
826 1625 1102 1673 sobrinave.
1146 1624 1388 1685 Secund0‚
1419 1625 1491 1673 his
1520 1624 1798 1682 exstinctis,
1827 1625 1933 1672 loco

378 1710 420 1757 2.
463 1710 502 1757 E
532 1709 673 1758 domo
702 1710 837 1757 aviae
868 1717 1101 1773 paternae
1132 1708 1465 1757 eodemmodo
1482 1708 1686 1756 heredes
1703 1710 1928 1755 veniunt:

461 1793 514 1850 a)
555 1792 740 1840 Fratris
767 1791 1005 1839 sororisve
1034 1808 1216 1856 nepos,

454 1876 514 1934 b)
554 1875 764 1923 Patruus
794 1884 840 1922 et
868 1875 998 1933 avia,

461 1960 513 2017 c)
556 1959 765 2024 Propior
792 1958 989 2006 sobrino
1018 1967 1066 2006 et

461 2042 518 2101 d)
560 2041 1097 2108 Sobrinus-sobrinave.

236 2127 465 2175 Procedit
480 2127 626 2190 igitur
644 2134 779 2175 extra
802 2126 1016 2175 defuncti
1046 2125 1240 2174 domum
1270 2125 1512 2172 successio
1535 2123 1803 2171 secundum
1827 2123 1934 2170 stir-

94 2228 207 2276 pem
235 2217 493 2276 paternam
519 2210 612 2270 ita,
656 2217 707 2257 ut
735 2208 796 2257 ad
825 2210 991 2257 matris
1020 2216 1067 2256 et
1093 2208 1229 2256 aviae
1259 2214 1520 2272 paternae,
1551 2224 1655 2268 ¹non
1683 2214 1847 2255 autem
1873 2206 1934 2253 ad

93 2295 172 2343 avi
199 2294 406 2343 materni
435 2293 633 2341 domum
671 2291 917 2340 hereditas
956 2289 1359 2340 t1·ansmittatur.“
1403 2290 1684 2338 Bunsen:
1725 2291 1798 2338 De
1818 2290 1931 2354 jure

96 2377 194 2426 her.
224 2377 398 2427 Athen.
430 2395 474 2442 p.
506 2376 727 2424 39—40.
1410 2357 1417 2365 ⁶

239 2459 385 2525 Apud
412 2459 664 2508 Romanos
691 2459 1032 2506 intestatorum
1061 2457 1354 2507 hereditates
1381 2458 1491 2521 lege
1518 2456 1628 2505 XII.
1656 2456 1934 2505 tabularum

95 2544 308 2609 primuni
335 2542 395 2591 ad
427 2560 540 2591 suos
568 2542 772 2591 heredes
800 2542 1058 2606 pertinent.
1113 2541 1197 2590 Sui
1233 2548 1397 2590 autem
1424 2539 1626 2588 heredes
1654 2540 1934 2588 existiman-

95 2634 173 2675 tur
200 2625 365 2685 liberi,
408 2625 489 2689 qui
517 2625 566 2672 in
594 2632 836 2689 potestate
864 2624 1114 2672 morientis
1144 2624 1369 2685 fuerunt,
1412 2622 1562 2672 veluti
1591 2621 1718 2669 filius
1750 2621 1930 2681 filiave,

97 2725 250 2775 nepos
278 2709 500 2773 neptisve
530 2725 553 2756 e
584 2707 708 2768 filio,
749 2725 999 2773 pronepos
1038 2708 1354 2773 proneptisve
1394 2724 1417 2754 e
1458 2711 1638 2770 nepote
1680 2704 1780 2752 filio
1819 2711 1934 2752 nato

96 2799 367 2859 prognatus
395 2797 730 2856 prognatave:
771 2807 862 2839 nec
900 2791 1129 2851 interest,
1170 2798 1336 2838 utrum
1376 2787 1620 2837 naturales
1660 2787 1757 2834 sint
1796 2785 1934 2835 liberi

97 2894 159 2925 an
186 2874 431 2941 adoptivi:
472 2875 539 2921 ita
567 2873 762 2922 demum
802 2882 965 2922 tamen
1005 2890 1156 2939 nepos
1200 2873 1420 2937 neptisve
1462 2878 1509 2919 et
1553 2886 1798 2935 pronepos
1825 2886 1935 2934 pro-

99 2959 321 3024 neptisve
361 2973 560 3004 suorum
599 2955 834 3004 heredum
873 2972 1076 3004 numero
1115 2963 1256 3015 sunt⁷
1305 2957 1342 3003 si
1382 2952 1682 3019 praecedens
1722 2969 1937 3018 persona

99 3043 298 3091 desierit
336 3042 385 3088 in
425 3046 669 3104 potestate
709 3040 924 3104 parentis
964 3056 1095 3100 esse,
1137 3040 1240 3087 sive
1283 3045 1437 3085 morte
1466 3037 1514 3085 id
1541 3034 1795 3092 acciderit,
1834 3036 1936 3083 sive

99 3125 193 3174 alia
232 3125 447 3182 ratione,
491 3122 641 3170 veluti
683 3121 1101 3186 emancipatione:
1142 3138 1257 3169 nam
1297 3121 1334 3169 si
1374 3137 1460 3186 per
1498 3119 1546 3168 id
1580 3126 1800 3184 tempus,
1841 3134 1937 3182 quo

100 3209 206 3272 quis
233 3208 462 3265 moritur,
504 3204 630 3252 filius
669 3205 719 3251 in
759 3211 1002 3269 potestate
1038 3204 1142 3267 ejus
1171 3205 1259 3262 sit,
1300 3219 1455 3268 nepos
1482 3220 1542 3251 ex
1570 3220 1627 3250 eo
1655 3219 1768 3250 suus
1797 3200 1937 3247 heres

101 3308 330 3339 essenon
358 3297 535 3355 potest.
588 3288 725 3336 Uxor
765 3304 985 3352 quoque,
1025 3303 1149 3351 quae
1190 3287 1239 3334 in
1281 3303 1425 3335 manu
1467 3286 1715 3334 morientis
1756 3291 1853 3341 est,
1896 3282 1937 3329 ei

101 3390 189 3421 sua
215 3373 353 3422 heres
382 3380 479 3434 est,
508 3371 622 3436 quia
649 3369 777 3419 filiae
805 3370 914 3418 loco
942 3376 1041 3429 est3
1083 3369 1201 3418 item
1229 3386 1405 3429 nurus,
1449 3386 1573 3433 quae
1601 3368 1650 3415 in
1678 3366 1762 3415 filii
1788 3381 1937 3414 manu

1573 3449 1659 3491 39ἦὸ
