<?xml version="1.0" encoding="UTF-8"?>
<!DOCTYPE html PUBLIC "-//W3C//DTD XHTML 1.0 Transitional//EN"
    "http://www.w3.org/TR/xhtml1/DTD/xhtml1-transitional.dtd">
<html xmlns="http://www.w3.org/1999/xhtml" xml:lang="en" lang="en">
 <head>
  <title>
</title>
<meta http-equiv="Content-Type" content="text/html;charset=utf-8" />
  <meta name='ocr-system' content='tesseract 3.04.00' />
  <meta name='ocr-capabilities' content='ocr_page ocr_carea ocr_par ocr_line ocrx_word'/>
</head>
<body>
  <div class='ocr_page' id='page_1' title='image "./synaggtnattiknno00tluoft_0487.png"; bbox 0 0 2114 3642; ppageno 0'>
   <div class='ocr_carea' id='block_1_1' title="bbox 607 225 1924 274">
    <p class='ocr_par' dir='ltr' id='par_1_1' title="bbox 607 225 1924 274">
     <span class='ocr_line' id='line_1_1' title="bbox 607 225 1924 274; baseline 0.002 -3"><span class='ocrx_word' id='word_1_1' title='bbox 607 239 1012 272; x_wconf 70' lang='lat' dir='ltr'><strong>COMMENTARIUS</strong></span> <span class='ocrx_word' id='word_1_2' title='bbox 1040 238 1108 271; x_wconf 90' lang='lat' dir='ltr'>AD</span> <span class='ocrx_word' id='word_1_3' title='bbox 1137 239 1217 273; x_wconf 68' lang='grc'>294.</span> <span class='ocrx_word' id='word_1_4' title='bbox 1246 240 1326 274; x_wconf 74' lang='lat'>7295.</span> <span class='ocrx_word' id='word_1_5' title='bbox 1357 239 1435 273; x_wconf 82' lang='lat'>297.</span> <span class='ocrx_word' id='word_1_6' title='bbox 1566 227 1571 232; x_wconf 90' lang='lat'>&#39;</span> <span class='ocrx_word' id='word_1_7' title='bbox 1829 225 1924 273; x_wconf 83' lang='lat'>461</span> 
     </span>
    </p>
   </div>
   <div class='ocr_carea' id='block_1_2' title="bbox 90 365 1931 1261">
    <p class='ocr_par' dir='ltr' id='par_1_2' title="bbox 90 365 1931 1014">
     <span class='ocr_line' id='line_1_2' title="bbox 97 365 1931 432; baseline 0 -16"><span class='ocrx_word' id='word_1_8' title='bbox 97 366 324 416; x_wconf 88' lang='lat' dir='ltr'>referunt</span> <span class='ocrx_word' id='word_1_9' title='bbox 350 367 638 416; x_wconf 83' lang='lat' dir='ltr'>docentibus</span> <span class='ocrx_word' id='word_1_10' title='bbox 667 365 939 415; x_wconf 88' lang='lat' dir='ltr'>rationibus</span> <span class='ocrx_word' id='word_1_11' title='bbox 968 365 1166 432; x_wconf 90' lang='lat' dir='ltr'>Olymp.</span> <span class='ocrx_word' id='word_1_12' title='bbox 1197 367 1313 430; x_wconf 89' lang='lat'>111,</span> <span class='ocrx_word' id='word_1_13' title='bbox 1344 368 1374 415; x_wconf 90' lang='lat'>3</span> <span class='ocrx_word' id='word_1_14' title='bbox 1415 383 1533 432; x_wconf 87' lang='lat' dir='ltr'>quas</span> <span class='ocrx_word' id='word_1_15' title='bbox 1573 366 1685 415; x_wconf 90' lang='lat' dir='ltr'>dedi</span> <span class='ocrx_word' id='word_1_16' title='bbox 1718 367 1768 415; x_wconf 93' lang='lat' dir='ltr'>in</span> <span class='ocrx_word' id='word_1_17' title='bbox 1796 366 1931 417; x_wconf 88' lang='lat' dir='ltr'>Actis</span> 
     </span>
     <span class='ocr_line' id='line_1_3' title="bbox 94 449 1931 516; baseline 0.001 -19"><span class='ocrx_word' id='word_1_18' title='bbox 94 449 424 509; x_wconf 78' lang='lat' dir='ltr'>Quaestorum</span> <span class='ocrx_word' id='word_1_19' title='bbox 452 451 534 499; x_wconf 91' lang='lat' dir='ltr'>Nr.</span> <span class='ocrx_word' id='word_1_20' title='bbox 566 450 679 497; x_wconf 81' lang='lat'>157.</span> <span class='ocrx_word' id='word_1_21' title='bbox 732 450 903 512; x_wconf 81' lang='lat' dir='ltr'>Itaque</span> <span class='ocrx_word' id='word_1_22' title='bbox 943 450 1054 499; x_wconf 79' lang='lat' dir='ltr'>vide</span> <span class='ocrx_word' id='word_1_23' title='bbox 1094 467 1155 499; x_wconf 90' lang='lat' dir='ltr'>ne</span> <span class='ocrx_word' id='word_1_24' title='bbox 1193 450 1257 498; x_wconf 92' lang='lat' dir='ltr'>illi</span> <span class='ocrx_word' id='word_1_25' title='bbox 1297 451 1357 500; x_wconf 89' lang='lat' dir='ltr'>ad</span> <span class='ocrx_word' id='word_1_26' title='bbox 1398 468 1536 500; x_wconf 85' lang='lat' dir='ltr'>sacra</span> <span class='ocrx_word' id='word_1_27' title='bbox 1574 450 1839 516; x_wconf 83' lang='lat' dir='ltr'>quaedam,</span> <span class='ocrx_word' id='word_1_28' title='bbox 1881 451 1931 498; x_wconf 90' lang='lat' dir='ltr'>in</span> 
     </span>
     <span class='ocr_line' id='line_1_4' title="bbox 95 532 1930 599; baseline 0.001 -19"><span class='ocrx_word' id='word_1_29' title='bbox 95 532 269 596; x_wconf 89' lang='lat' dir='ltr'>quibus</span> <span class='ocrx_word' id='word_1_30' title='bbox 296 533 510 599; x_wconf 90' lang='lat' dir='ltr'>populus</span> <span class='ocrx_word' id='word_1_31' title='bbox 538 533 847 598; x_wconf 82' lang='lat' dir='ltr'>epularetur,</span> <span class='ocrx_word' id='word_1_32' title='bbox 876 533 1257 582; x_wconf 81' lang='lat' dir='ltr'>convocaverint</span> <span class='ocrx_word' id='word_1_33' title='bbox 1283 534 1414 583; x_wconf 88' lang='lat' dir='ltr'>cives</span> <span class='ocrx_word' id='word_1_34' title='bbox 1443 552 1582 595; x_wconf 84' lang='lat' dir='ltr'>SUOS,</span> <span class='ocrx_word' id='word_1_35' title='bbox 1610 534 1819 599; x_wconf 85' lang='lat' dir='ltr'>indeque</span> <span class='ocrx_word' id='word_1_36' title='bbox 1847 552 1930 582; x_wconf 93' lang='lat' dir='ltr'>no-</span> 
     </span>
     <span class='ocr_line' id='line_1_5' title="bbox 94 615 1929 683; baseline 0.002 -20"><span class='ocrx_word' id='word_1_37' title='bbox 94 632 207 664; x_wconf 90' lang='lat' dir='ltr'>men</span> <span class='ocrx_word' id='word_1_38' title='bbox 234 617 497 665; x_wconf 86' lang='lat' dir='ltr'>traxerint:</span> <span class='ocrx_word' id='word_1_39' title='bbox 537 615 843 681; x_wconf 83' lang='lat' dir='ltr'>optimatium</span> <span class='ocrx_word' id='word_1_40' title='bbox 882 616 1012 664; x_wconf 89' lang='lat' dir='ltr'>bona</span> <span class='ocrx_word' id='word_1_41' title='bbox 1051 622 1242 677; x_wconf 86' lang='lat' dir='ltr'>autem,</span> <span class='ocrx_word' id='word_1_42' title='bbox 1284 633 1406 681; x_wconf 87' lang='lat' dir='ltr'>quae</span> <span class='ocrx_word' id='word_1_43' title='bbox 1447 624 1499 665; x_wconf 90' lang='lat' dir='ltr'>ut</span> <span class='ocrx_word' id='word_1_44' title='bbox 1538 617 1929 683; x_wconf 74' lang='lat' dir='ltr'>publicarentur,</span> 
     </span>
     <span class='ocr_line' id='line_1_6' title="bbox 93 697 1929 764; baseline 0.001 -18"><span class='ocrx_word' id='word_1_45' title='bbox 93 699 142 746; x_wconf 91' lang='lat' dir='ltr'>in</span> <span class='ocrx_word' id='word_1_46' title='bbox 180 698 390 747; x_wconf 88' lang='lat' dir='ltr'>indicem</span> <span class='ocrx_word' id='word_1_47' title='bbox 429 697 583 747; x_wconf 89' lang='lat' dir='ltr'>relata</span> <span class='ocrx_word' id='word_1_48' title='bbox 622 699 682 747; x_wconf 87' lang='lat' dir='ltr'>ab</span> <span class='ocrx_word' id='word_1_49' title='bbox 723 697 816 746; x_wconf 85' lang='lat' dir='ltr'>illis</span> <span class='ocrx_word' id='word_1_50' title='bbox 852 697 1102 759; x_wconf 90' lang='lat' dir='ltr'>dicuntur,</span> <span class='ocrx_word' id='word_1_51' title='bbox 1144 705 1411 763; x_wconf 90' lang='lat' dir='ltr'>potuerunt</span> <span class='ocrx_word' id='word_1_52' title='bbox 1437 708 1546 764; x_wconf 88' lang='lat' dir='ltr'>post</span> <span class='ocrx_word' id='word_1_53' title='bbox 1573 700 1853 750; x_wconf 87' lang='lat' dir='ltr'>anarchiam</span> <span class='ocrx_word' id='word_1_54' title='bbox 1880 701 1929 749; x_wconf 90' lang='lat' dir='ltr'>in</span> 
     </span>
     <span class='ocr_line' id='line_1_7' title="bbox 90 780 1928 848; baseline 0.001 -19"><span class='ocrx_word' id='word_1_55' title='bbox 90 782 250 847; x_wconf 89' lang='lat' dir='ltr'>ipsum</span> <span class='ocrx_word' id='word_1_56' title='bbox 276 782 405 830; x_wconf 89' lang='lat' dir='ltr'>hunc</span> <span class='ocrx_word' id='word_1_57' title='bbox 433 781 689 847; x_wconf 87' lang='lat' dir='ltr'>epularum</span> <span class='ocrx_word' id='word_1_58' title='bbox 718 798 857 829; x_wconf 85' lang='lat' dir='ltr'>usum</span> <span class='ocrx_word' id='word_1_59' title='bbox 884 781 1130 829; x_wconf 88' lang='lat' dir='ltr'>converti:</span> <span class='ocrx_word' id='word_1_60' title='bbox 1170 780 1584 845; x_wconf 85' lang='lat' dir='ltr'>quemadmodum</span> <span class='ocrx_word' id='word_1_61' title='bbox 1613 784 1741 832; x_wconf 88' lang='lat' dir='ltr'>bona</span> <span class='ocrx_word' id='word_1_62' title='bbox 1767 784 1928 848; x_wconf 86' lang='lat' dir='ltr'>publi-</span> 
     </span>
     <span class='ocr_line' id='line_1_8' title="bbox 91 864 1928 932; baseline 0.001 -18"><span class='ocrx_word' id='word_1_63' title='bbox 91 873 200 914; x_wconf 86' lang='lat' dir='ltr'>cata</span> <span class='ocrx_word' id='word_1_64' title='bbox 238 864 367 915; x_wconf 91' lang='lat' dir='ltr'>haud</span> <span class='ocrx_word' id='word_1_65' title='bbox 406 881 516 914; x_wconf 88' lang='lat' dir='ltr'>raro</span> <span class='ocrx_word' id='word_1_66' title='bbox 557 865 744 931; x_wconf 90' lang='lat' dir='ltr'>populo</span> <span class='ocrx_word' id='word_1_67' title='bbox 786 865 968 914; x_wconf 88' lang='lat' dir='ltr'>viritim</span> <span class='ocrx_word' id='word_1_68' title='bbox 1009 865 1269 914; x_wconf 88' lang='lat' dir='ltr'>distributa</span> <span class='ocrx_word' id='word_1_69' title='bbox 1305 865 1466 914; x_wconf 73' lang='lat' dir='ltr'>sunt.“</span> <span class='ocrx_word' id='word_1_70' title='bbox 1525 866 1672 932; x_wconf 85' lang='lat' dir='ltr'>Corp.</span> <span class='ocrx_word' id='word_1_71' title='bbox 1703 868 1928 932; x_wconf 88' lang='lat' dir='ltr'>Inscript.</span> 
     </span>
     <span class='ocr_line' id='line_1_9' title="bbox 90 948 450 1014; baseline 0 -17"><span class='ocrx_word' id='word_1_72' title='bbox 90 967 161 1013; x_wconf 80' lang='lat' dir='ltr'>gr.</span> <span class='ocrx_word' id='word_1_73' title='bbox 190 950 226 997; x_wconf 94' lang='lat' dir='ltr'>I.</span> <span class='ocrx_word' id='word_1_74' title='bbox 255 967 302 1014; x_wconf 87' lang='lat' dir='ltr'>p.</span> <span class='ocrx_word' id='word_1_75' title='bbox 334 948 450 997; x_wconf 83' lang='lat'>138.</span> 
     </span>
    </p>

    <p class='ocr_par' dir='ltr' id='par_1_3' title="bbox 232 1030 1449 1097">
     <span class='ocr_line' id='line_1_10' title="bbox 232 1030 1449 1097; baseline -0.001 -16"><span class='ocrx_word' id='word_1_76' title='bbox 232 1031 306 1081; x_wconf 81' lang='lat' dir='ltr'>Cf.</span> <span class='ocrx_word' id='word_1_77' title='bbox 335 1033 481 1080; x_wconf 85' lang='lat' dir='ltr'>etiam</span> <span class='ocrx_word' id='word_1_78' title='bbox 508 1030 743 1080; x_wconf 85' lang='lat' dir='ltr'>Boeckhii</span> <span class='ocrx_word' id='word_1_79' title='bbox 770 1031 887 1081; x_wconf 91' lang='lat' dir='ltr'>Oec.</span> <span class='ocrx_word' id='word_1_80' title='bbox 915 1033 1051 1096; x_wconf 82' lang='lat' dir='ltr'>publ.</span> <span class='ocrx_word' id='word_1_81' title='bbox 1082 1032 1139 1081; x_wconf 86' lang='lat' dir='ltr'>T.</span> <span class='ocrx_word' id='word_1_82' title='bbox 1168 1033 1228 1081; x_wconf 89' lang='grc' dir='ltr'>ΙΙ.</span> <span class='ocrx_word' id='word_1_83' title='bbox 1258 1050 1303 1097; x_wconf 92' lang='lat' dir='ltr'>p.</span> <span class='ocrx_word' id='word_1_84' title='bbox 1336 1032 1449 1080; x_wconf 81' lang='lat'>127.</span> 
     </span>
    </p>

    <p class='ocr_par' dir='ltr' id='par_1_4' title="bbox 91 1109 1927 1261">
     <span class='ocr_line' id='line_1_11' title="bbox 232 1109 1927 1182; baseline -0.001 -18"><span class='ocrx_word' id='word_1_85' title='bbox 232 1115 588 1182; x_wconf 87' lang='lat' dir='ltr'>Harpocratio:</span> <span class='ocrx_word' id='word_1_86' title='bbox 628 1117 804 1162; x_wconf 81' lang='grc' dir='ltr'><em>Συλλ</em></span> <span class='ocrx_word' id='word_1_87' title='bbox 823 1113 1001 1181; x_wconf 78' lang='grc' dir='ltr'><em>ογῆς·</em></span> <span class='ocrx_word' id='word_1_88' title='bbox 1043 1109 1210 1177; x_wconf 72' lang='grc' dir='ltr'><em>ὄνομα</em></span> <span class='ocrx_word' id='word_1_89' title='bbox 1239 1110 1409 1178; x_wconf 71' lang='grc' dir='ltr'><em>ἀρχῆς.</em></span> <span class='ocrx_word' id='word_1_90' title='bbox 1445 1110 1631 1169; x_wconf 77' lang='grc' dir='ltr'><em>’[σαῐος</em></span> <span class='ocrx_word' id='word_1_91' title='bbox 1658 1117 1711 1161; x_wconf 74' lang='grc' dir='ltr'>ἐν</span> <span class='ocrx_word' id='word_1_92' title='bbox 1738 1113 1808 1178; x_wconf 71' lang='grc' dir='ltr'>τῴ</span> <span class='ocrx_word' id='word_1_93' title='bbox 1831 1135 1927 1178; x_wconf 56' lang='grc' dir='ltr'>με·</span> 
     </span>
     <span class='ocr_line' id='line_1_12' title="bbox 91 1195 809 1261; baseline -0.001 -16"><span class='ocrx_word' id='word_1_94' title='bbox 91 1196 309 1261; x_wconf 75' lang='grc' dir='ltr'><strong><em>τοικικῴ</em></strong></span> <span class='ocrx_word' id='word_1_95' title='bbox 338 1200 625 1258; x_wconf 73' lang='grc' dir='ltr'><em>σαφέστατα</em></span> <span class='ocrx_word' id='word_1_96' title='bbox 656 1195 809 1255; x_wconf 80' lang='grc' dir='ltr'><em>δηλοῖ.</em></span> 
     </span>
    </p>
   </div>
   <div class='ocr_carea' id='block_1_3' title="bbox 871 1280 1151 1333">
    <p class='ocr_par' dir='ltr' id='par_1_5' title="bbox 871 1280 1151 1333">
     <span class='ocr_line' id='line_1_13' title="bbox 871 1280 1151 1333; baseline -0.004 0"><span class='ocrx_word' id='word_1_97' title='bbox 871 1280 969 1333; x_wconf 78' lang='lat' dir='ltr'>Ad</span> <span class='ocrx_word' id='word_1_98' title='bbox 999 1281 1151 1333; x_wconf 81' lang='lat'>294.</span> 
     </span>
    </p>
   </div>
   <div class='ocr_carea' id='block_1_4' title="bbox 89 1373 1927 2360">
    <p class='ocr_par' dir='ltr' id='par_1_6' title="bbox 90 1373 1926 1593">
     <span class='ocr_line' id='line_1_14' title="bbox 233 1373 1923 1444; baseline 0 -19"><span class='ocrx_word' id='word_1_99' title='bbox 233 1377 675 1444; x_wconf 85' lang='lat' dir='ltr'>Harpocratio</span> <span class='ocrx_word' id='word_1_100' title='bbox 717 1396 752 1426; x_wconf 90' lang='lat' dir='ltr'>s.</span> <span class='ocrx_word' id='word_1_101' title='bbox 781 1396 824 1426; x_wconf 90' lang='lat' dir='ltr'>v.</span> <span class='ocrx_word' id='word_1_102' title='bbox 866 1373 1107 1435; x_wconf 75' lang='grc' dir='ltr'><em>Ζητητήςε</em></span> <span class='ocrx_word' id='word_1_103' title='bbox 1138 1376 1455 1440; x_wconf 79' lang='lat' dir='ltr'>Magistratus</span> <span class='ocrx_word' id='word_1_104' title='bbox 1484 1376 1690 1428; x_wconf 84' lang='lat' dir='ltr'>Athenis</span> <span class='ocrx_word' id='word_1_105' title='bbox 1717 1377 1778 1426; x_wconf 89' lang='lat' dir='ltr'>ad</span> <span class='ocrx_word' id='word_1_106' title='bbox 1806 1385 1923 1426; x_wconf 38' lang='lat' dir='ltr'>tem*</span> 
     </span>
     <span class='ocr_line' id='line_1_15' title="bbox 90 1459 1926 1526; baseline 0.001 -18"><span class='ocrx_word' id='word_1_107' title='bbox 90 1478 181 1526; x_wconf 89' lang='lat' dir='ltr'>pus</span> <span class='ocrx_word' id='word_1_108' title='bbox 221 1461 539 1522; x_wconf 90' lang='lat' dir='ltr'>constitutus,</span> <span class='ocrx_word' id='word_1_109' title='bbox 580 1461 618 1509; x_wconf 86' lang='lat' dir='ltr'>si</span> <span class='ocrx_word' id='word_1_110' title='bbox 659 1461 857 1526; x_wconf 89' lang='lat' dir='ltr'>quando</span> <span class='ocrx_word' id='word_1_111' title='bbox 897 1459 1190 1526; x_wconf 88' lang='lat' dir='ltr'>anquirendi</span> <span class='ocrx_word' id='word_1_112' title='bbox 1231 1467 1419 1521; x_wconf 86' lang='lat' dir='ltr'>essent,</span> <span class='ocrx_word' id='word_1_113' title='bbox 1461 1460 1541 1524; x_wconf 90' lang='lat' dir='ltr'>qui</span> <span class='ocrx_word' id='word_1_114' title='bbox 1582 1460 1778 1525; x_wconf 90' lang='lat' dir='ltr'>publice</span> <span class='ocrx_word' id='word_1_115' title='bbox 1806 1461 1926 1526; x_wconf 89' lang='lat' dir='ltr'>inju-</span> 
     </span>
     <span class='ocr_line' id='line_1_16' title="bbox 91 1544 456 1593; baseline 0.003 -2"><span class='ocrx_word' id='word_1_116' title='bbox 91 1544 205 1592; x_wconf 92' lang='lat' dir='ltr'>riosi</span> <span class='ocrx_word' id='word_1_117' title='bbox 233 1544 456 1593; x_wconf 88' lang='lat' dir='ltr'>fuissent.</span> 
     </span>
    </p>

    <p class='ocr_par' dir='ltr' id='par_1_7' title="bbox 89 1626 1927 1860">
     <span class='ocr_line' id='line_1_17' title="bbox 233 1626 1927 1693; baseline -0.001 -18"><span class='ocrx_word' id='word_1_118' title='bbox 233 1626 469 1677; x_wconf 84' lang='lat' dir='ltr'>Suidas</span> <span class='ocrx_word' id='word_1_119' title='bbox 509 1645 544 1676; x_wconf 89' lang='lat' dir='ltr'>s.</span> <span class='ocrx_word' id='word_1_120' title='bbox 573 1645 617 1676; x_wconf 88' lang='lat' dir='ltr'>v.</span> <span class='ocrx_word' id='word_1_121' title='bbox 645 1627 890 1684; x_wconf 59' lang='lat' dir='ltr'>ancai:</span> <span class='ocrx_word' id='word_1_122' title='bbox 919 1627 1241 1693; x_wconf 90' lang='lat' dir='ltr'>Inquisitores</span> <span class='ocrx_word' id='word_1_123' title='bbox 1270 1634 1411 1675; x_wconf 88' lang='lat' dir='ltr'>erant</span> <span class='ocrx_word' id='word_1_124' title='bbox 1438 1627 1750 1690; x_wconf 80' lang='lat' dir='ltr'>magistratus</span> <span class='ocrx_word' id='word_1_125' title='bbox 1779 1627 1927 1676; x_wconf 89' lang='lat' dir='ltr'>Athe-</span> 
     </span>
     <span class='ocr_line' id='line_1_18' title="bbox 90 1709 1926 1776; baseline 0 -19"><span class='ocrx_word' id='word_1_126' title='bbox 90 1710 164 1758; x_wconf 88' lang='lat' dir='ltr'>nis</span> <span class='ocrx_word' id='word_1_127' title='bbox 192 1711 337 1759; x_wconf 89' lang='lat' dir='ltr'>certis</span> <span class='ocrx_word' id='word_1_128' title='bbox 364 1710 668 1776; x_wconf 86' lang='lat' dir='ltr'>temporibus</span> <span class='ocrx_word' id='word_1_129' title='bbox 697 1717 914 1769; x_wconf 90' lang='lat' dir='ltr'>creatus,</span> <span class='ocrx_word' id='word_1_130' title='bbox 955 1710 1016 1758; x_wconf 89' lang='lat' dir='ltr'>ad</span> <span class='ocrx_word' id='word_1_131' title='bbox 1057 1727 1201 1774; x_wconf 89' lang='lat' dir='ltr'>quem</span> <span class='ocrx_word' id='word_1_132' title='bbox 1241 1709 1593 1758; x_wconf 89' lang='lat' dir='ltr'>deferebantur</span> <span class='ocrx_word' id='word_1_133' title='bbox 1631 1711 1688 1772; x_wconf 90' lang='lat' dir='ltr'>ii,</span> <span class='ocrx_word' id='word_1_134' title='bbox 1728 1711 1808 1775; x_wconf 91' lang='lat' dir='ltr'>qui</span> <span class='ocrx_word' id='word_1_135' title='bbox 1839 1711 1926 1758; x_wconf 91' lang='lat' dir='ltr'>rei-</span> 
     </span>
     <span class='ocr_line' id='line_1_19' title="bbox 89 1793 1416 1860; baseline 0 -19"><span class='ocrx_word' id='word_1_136' title='bbox 89 1793 314 1857; x_wconf 84' lang='lat' dir='ltr'>publicae</span> <span class='ocrx_word' id='word_1_137' title='bbox 342 1794 599 1860; x_wconf 89' lang='lat' dir='ltr'>pecuniam</span> <span class='ocrx_word' id='word_1_138' title='bbox 629 1793 904 1855; x_wconf 87' lang='lat' dir='ltr'>debebant,</span> <span class='ocrx_word' id='word_1_139' title='bbox 944 1810 1034 1842; x_wconf 89' lang='lat' dir='ltr'>nec</span> <span class='ocrx_word' id='word_1_140' title='bbox 1062 1793 1416 1859; x_wconf 88' lang='lat' dir='ltr'>persolverant.</span> 
     </span>
    </p>

    <p class='ocr_par' dir='ltr' id='par_1_8' title="bbox 90 1876 1927 2194">
     <span class='ocr_line' id='line_1_20' title="bbox 234 1876 1925 1943; baseline -0.002 -18"><span class='ocrx_word' id='word_1_141' title='bbox 234 1876 552 1943; x_wconf 88' lang='lat' dir='ltr'>Anonymi</span> <span class='ocrx_word' id='word_1_142' title='bbox 592 1896 828 1942; x_wconf 80' lang='lat' dir='ltr'>argum.</span> <span class='ocrx_word' id='word_1_143' title='bbox 866 1879 928 1926; x_wconf 91' lang='lat' dir='ltr'>in</span> <span class='ocrx_word' id='word_1_144' title='bbox 968 1877 1291 1926; x_wconf 75' lang='lat' dir='ltr'>Demostli.</span> <span class='ocrx_word' id='word_1_145' title='bbox 1333 1893 1372 1924; x_wconf 91' lang='lat' dir='ltr'>c.</span> <span class='ocrx_word' id='word_1_146' title='bbox 1413 1876 1762 1926; x_wconf 86' lang='lat' dir='ltr'>Timocrat.</span> <span class='ocrx_word' id='word_1_147' title='bbox 1800 1877 1925 1923; x_wconf 81' lang='lat'>696:</span> 
     </span>
     <span class='ocr_line' id='line_1_21' title="bbox 91 1959 1927 2028; baseline 0.001 -21"><span class='ocrx_word' id='word_1_148' title='bbox 91 1959 255 2020; x_wconf 81' lang='lat' dir='ltr'>Quum</span> <span class='ocrx_word' id='word_1_149' title='bbox 281 1962 561 2027; x_wconf 87' lang='lat' dir='ltr'>respublica</span> <span class='ocrx_word' id='word_1_150' title='bbox 588 1963 825 2028; x_wconf 87' lang='lat' dir='ltr'>pecuniae</span> <span class='ocrx_word' id='word_1_151' title='bbox 852 1962 1020 2027; x_wconf 88' lang='lat' dir='ltr'>inopia</span> <span class='ocrx_word' id='word_1_152' title='bbox 1046 1961 1320 2022; x_wconf 88' lang='lat' dir='ltr'>laboraret,</span> <span class='ocrx_word' id='word_1_153' title='bbox 1350 1959 1652 2025; x_wconf 86' lang='lat' dir='ltr'>Aristophon</span> <span class='ocrx_word' id='word_1_154' title='bbox 1680 1960 1927 2009; x_wconf 87' lang='lat' dir='ltr'>decretum</span> 
     </span>
     <span class='ocr_line' id='line_1_22' title="bbox 91 2040 1924 2111; baseline 0 -20"><span class='ocrx_word' id='word_1_155' title='bbox 91 2051 258 2106; x_wconf 83' lang='lat' dir='ltr'>rogat,</span> <span class='ocrx_word' id='word_1_156' title='bbox 306 2053 358 2093; x_wconf 91' lang='lat' dir='ltr'>ut</span> <span class='ocrx_word' id='word_1_157' title='bbox 396 2045 836 2111; x_wconf 89' lang='lat' dir='ltr'>inquisitores</span> <span class='ocrx_word' id='word_1_158' title='bbox 876 2045 1159 2110; x_wconf 84' lang='lat' dir='ltr'>deligantur</span> <span class='ocrx_word' id='word_1_159' title='bbox 1199 2045 1430 2105; x_wconf 73' lang='grc' dir='ltr'><em>(ἑλέσθαι</em></span> <span class='ocrx_word' id='word_1_160' title='bbox 1472 2040 1699 2103; x_wconf 74' lang='grc' dir='ltr'>ζητητάς)</span> <span class='ocrx_word' id='word_1_161' title='bbox 1742 2061 1924 2105; x_wconf 88' lang='lat' dir='ltr'>eorum,</span> 
     </span>
     <span class='ocr_line' id='line_1_23' title="bbox 90 2127 1795 2194; baseline 0.001 -20"><span class='ocrx_word' id='word_1_162' title='bbox 90 2127 171 2189; x_wconf 92' lang='lat' dir='ltr'>qui</span> <span class='ocrx_word' id='word_1_163' title='bbox 198 2128 385 2176; x_wconf 87' lang='lat' dir='ltr'>aerario</span> <span class='ocrx_word' id='word_1_164' title='bbox 412 2127 652 2178; x_wconf 90' lang='lat' dir='ltr'>deberent</span> <span class='ocrx_word' id='word_1_165' title='bbox 679 2136 726 2178; x_wconf 90' lang='lat' dir='ltr'>et</span> <span class='ocrx_word' id='word_1_166' title='bbox 752 2129 904 2178; x_wconf 90' lang='lat' dir='ltr'>latere</span> <span class='ocrx_word' id='word_1_167' title='bbox 933 2128 1213 2189; x_wconf 84' lang='lat' dir='ltr'>studerent,</span> <span class='ocrx_word' id='word_1_168' title='bbox 1254 2135 1403 2194; x_wconf 86' lang='lat' dir='ltr'>utque</span> <span class='ocrx_word' id='word_1_169' title='bbox 1431 2128 1538 2176; x_wconf 90' lang='lat' dir='ltr'>illos</span> <span class='ocrx_word' id='word_1_170' title='bbox 1565 2127 1795 2177; x_wconf 87' lang='lat' dir='ltr'>indicent.</span> 
     </span>
    </p>

    <p class='ocr_par' dir='ltr' id='par_1_9' title="bbox 90 2210 1925 2360">
     <span class='ocr_line' id='line_1_24' title="bbox 232 2210 1925 2278; baseline -0.001 -20"><span class='ocrx_word' id='word_1_171' title='bbox 232 2210 413 2271; x_wconf 51' lang='lat' dir='ltr'>Pollux⁴</span> <span class='ocrx_word' id='word_1_172' title='bbox 443 2211 579 2271; x_wconf 88' lang='lat' dir='ltr'>VIII,</span> <span class='ocrx_word' id='word_1_173' title='bbox 625 2211 748 2259; x_wconf 83' lang='lat'>115:</span> <span class='ocrx_word' id='word_1_174' title='bbox 789 2212 1135 2278; x_wconf 80' lang='lat' dir='ltr'>InquisitoreS,</span> <span class='ocrx_word' id='word_1_175' title='bbox 1176 2229 1359 2261; x_wconf 91' lang='lat' dir='ltr'>nomen</span> <span class='ocrx_word' id='word_1_176' title='bbox 1399 2211 1656 2276; x_wconf 88' lang='lat' dir='ltr'>cujusdam</span> <span class='ocrx_word' id='word_1_177' title='bbox 1696 2210 1925 2275; x_wconf 87' lang='lat' dir='ltr'>publicae</span> 
     </span>
     <span class='ocr_line' id='line_1_25' title="bbox 90 2291 1010 2360; baseline 0.004 -20"><span class='ocrx_word' id='word_1_178' title='bbox 90 2291 381 2356; x_wconf 88' lang='lat' dir='ltr'>functionis,</span> <span class='ocrx_word' id='word_1_179' title='bbox 411 2295 493 2359; x_wconf 93' lang='lat' dir='ltr'>qui</span> <span class='ocrx_word' id='word_1_180' title='bbox 521 2295 722 2345; x_wconf 81' lang='lat' dir='ltr'>latentia</span> <span class='ocrx_word' id='word_1_181' title='bbox 748 2296 1010 2360; x_wconf 85' lang='lat' dir='ltr'>inquirunt.</span> 
     </span>
    </p>
   </div>
   <div class='ocr_carea' id='block_1_5' title="bbox 232 2376 1474 2440">
    <p class='ocr_par' dir='ltr' id='par_1_10' title="bbox 232 2376 1474 2440">
     <span class='ocr_line' id='line_1_26' title="bbox 232 2376 1474 2440; baseline 0.002 -15"><span class='ocrx_word' id='word_1_182' title='bbox 232 2376 310 2426; x_wconf 82' lang='lat' dir='ltr'>Of.</span> <span class='ocrx_word' id='word_1_183' title='bbox 339 2376 499 2428; x_wconf 84' lang='lat' dir='ltr'>Schol.</span> <span class='ocrx_word' id='word_1_184' title='bbox 528 2379 578 2427; x_wconf 89' lang='grc'>111</span> <span class='ocrx_word' id='word_1_185' title='bbox 605 2379 925 2429; x_wconf 90' lang='lat' dir='ltr'>Demosthen.</span> <span class='ocrx_word' id='word_1_186' title='bbox 955 2379 1219 2428; x_wconf 86' lang='lat' dir='ltr'>Timocrat.</span> <span class='ocrx_word' id='word_1_187' title='bbox 1248 2378 1364 2440; x_wconf 85' lang='lat'>703,</span> <span class='ocrx_word' id='word_1_188' title='bbox 1398 2378 1474 2427; x_wconf 89' lang='lat'>10.</span> 
     </span>
    </p>
   </div>
   <div class='ocr_carea' id='block_1_6' title="bbox 869 2518 1148 2572">
    <p class='ocr_par' dir='ltr' id='par_1_11' title="bbox 869 2518 1148 2572">
     <span class='ocr_line' id='line_1_27' title="bbox 869 2518 1148 2572; baseline -0.004 0"><span class='ocrx_word' id='word_1_189' title='bbox 869 2518 967 2572; x_wconf 78' lang='lat' dir='ltr'>Ad</span> <span class='ocrx_word' id='word_1_190' title='bbox 997 2519 1148 2572; x_wconf 73' lang='lat'>295.</span> 
     </span>
    </p>
   </div>
   <div class='ocr_carea' id='block_1_7' title="bbox 82 2624 1925 3194">
    <p class='ocr_par' dir='ltr' id='par_1_12' title="bbox 82 2624 1925 2860">
     <span class='ocr_line' id='line_1_28' title="bbox 231 2624 1922 2693; baseline -0.001 -16"><span class='ocrx_word' id='word_1_191' title='bbox 231 2627 701 2693; x_wconf 88' lang='lat' dir='ltr'>Harpocratio:</span> <span class='ocrx_word' id='word_1_192' title='bbox 740 2624 1037 2690; x_wconf 76' lang='grc' dir='ltr'><em>Μαστῆρες,</em></span> <span class='ocrx_word' id='word_1_193' title='bbox 1066 2627 1382 2692; x_wconf 84' lang='lat' dir='ltr'>magistratus</span> <span class='ocrx_word' id='word_1_194' title='bbox 1411 2644 1516 2675; x_wconf 88' lang='lat' dir='ltr'>esse</span> <span class='ocrx_word' id='word_1_195' title='bbox 1545 2626 1764 2687; x_wconf 87' lang='lat' dir='ltr'>videtur,</span> <span class='ocrx_word' id='word_1_196' title='bbox 1795 2634 1847 2675; x_wconf 88' lang='lat' dir='ltr'>ut</span> <span class='ocrx_word' id='word_1_197' title='bbox 1873 2628 1922 2675; x_wconf 88' lang='lat' dir='ltr'>in</span> 
     </span>
     <span class='ocr_line' id='line_1_29' title="bbox 89 2709 1925 2777; baseline 0.001 -20"><span class='ocrx_word' id='word_1_198' title='bbox 89 2712 258 2777; x_wconf 89' lang='lat' dir='ltr'>populi</span> <span class='ocrx_word' id='word_1_199' title='bbox 286 2728 362 2760; x_wconf 90' lang='lat' dir='ltr'>res</span> <span class='ocrx_word' id='word_1_200' title='bbox 389 2711 608 2776; x_wconf 86' lang='lat' dir='ltr'>publicas</span> <span class='ocrx_word' id='word_1_201' title='bbox 648 2713 917 2777; x_wconf 86' lang='lat' dir='ltr'>inquireret</span> <span class='ocrx_word' id='word_1_202' title='bbox 956 2712 1268 2775; x_wconf 84' lang='lat' dir='ltr'>designatus,</span> <span class='ocrx_word' id='word_1_203' title='bbox 1308 2709 1511 2776; x_wconf 88' lang='lat' dir='ltr'>perinde</span> <span class='ocrx_word' id='word_1_204' title='bbox 1552 2727 1607 2757; x_wconf 90' lang='lat' dir='ltr'>ac</span> <span class='ocrx_word' id='word_1_205' title='bbox 1649 2710 1848 2766; x_wconf 69' lang='grc' dir='ltr'>ζητηταί</span> <span class='ocrx_word' id='word_1_206' title='bbox 1877 2718 1925 2758; x_wconf 91' lang='lat' dir='ltr'>et</span> 
     </span>
     <span class='ocr_line' id='line_1_30' title="bbox 82 2790 1579 2860; baseline 0 -21"><span class='ocrx_word' id='word_1_207' title='bbox 82 2790 296 2858; x_wconf 78' lang='grc' dir='ltr'><em>μάστροι</em></span> <span class='ocrx_word' id='word_1_208' title='bbox 312 2830 325 2850; x_wconf 94' lang='grc'>,</span> <span class='ocrx_word' id='word_1_209' title='bbox 366 2802 565 2844; x_wconf 89' lang='lat' dir='ltr'>auctore</span> <span class='ocrx_word' id='word_1_210' title='bbox 591 2794 851 2846; x_wconf 88' lang='lat' dir='ltr'>Aristotele</span> <span class='ocrx_word' id='word_1_211' title='bbox 877 2796 928 2843; x_wconf 93' lang='lat' dir='ltr'>in</span> <span class='ocrx_word' id='word_1_212' title='bbox 955 2794 1209 2860; x_wconf 86' lang='lat' dir='ltr'>republica</span> <span class='ocrx_word' id='word_1_213' title='bbox 1234 2792 1579 2842; x_wconf 89' lang='lat' dir='ltr'>Pelleniorum.</span> 
     </span>
    </p>

    <p class='ocr_par' dir='ltr' id='par_1_13' title="bbox 87 2870 1923 3194">
     <span class='ocr_line' id='line_1_31' title="bbox 229 2870 1921 2939; baseline -0.002 -14"><span class='ocrx_word' id='word_1_214' title='bbox 229 2878 392 2927; x_wconf 89' lang='lat' dir='ltr'>Photii</span> <span class='ocrx_word' id='word_1_215' title='bbox 419 2878 536 2927; x_wconf 85' lang='lat' dir='ltr'>Lex.</span> <span class='ocrx_word' id='word_1_216' title='bbox 564 2877 732 2926; x_wconf 89' lang='lat' dir='ltr'>Rhet.:</span> <span class='ocrx_word' id='word_1_217' title='bbox 765 2873 1098 2935; x_wconf 68' lang='grc' dir='ltr'><em>Ἐκλήθησαν</em></span> <span class='ocrx_word' id='word_1_218' title='bbox 1138 2876 1186 2923; x_wconf 74' lang='grc' dir='ltr'>δὲ</span> <span class='ocrx_word' id='word_1_219' title='bbox 1222 2872 1467 2939; x_wconf 69' lang='grc' dir='ltr'><em>μαστῆρες</em></span> <span class='ocrx_word' id='word_1_220' title='bbox 1507 2870 1608 2920; x_wconf 76' lang='grc' dir='ltr'>ἀπὸ</span> <span class='ocrx_word' id='word_1_221' title='bbox 1635 2873 1736 2922; x_wconf 74' lang='grc' dir='ltr'>τῶν</span> <span class='ocrx_word' id='word_1_222' title='bbox 1761 2894 1921 2934; x_wconf 71' lang='grc' dir='ltr'><em>κυνη-</em></span> 
     </span>
     <span class='ocr_line' id='line_1_32' title="bbox 87 2955 1920 3024; baseline 0.002 -17"><span class='ocrx_word' id='word_1_223' title='bbox 87 2958 193 3024; x_wconf 74' lang='grc' dir='ltr'>γῶν</span> <span class='ocrx_word' id='word_1_224' title='bbox 217 2959 320 3008; x_wconf 75' lang='grc' dir='ltr'>τῶν</span> <span class='ocrx_word' id='word_1_225' title='bbox 345 2963 399 3008; x_wconf 77' lang='grc' dir='ltr'>ἐν</span> <span class='ocrx_word' id='word_1_226' title='bbox 426 2965 530 3015; x_wconf 80' lang='grc' dir='ltr'><strong><em>τοῖς</em></strong></span> <span class='ocrx_word' id='word_1_227' title='bbox 550 2965 764 3021; x_wconf 80' lang='grc' dir='ltr'><em>μαστοῖς</em></span> <span class='ocrx_word' id='word_1_228' title='bbox 791 2958 893 3009; x_wconf 75' lang='grc' dir='ltr'>τῶν</span> <span class='ocrx_word' id='word_1_229' title='bbox 921 2956 1055 3024; x_wconf 74' lang='grc' dir='ltr'>ὀρῶν</span> <span class='ocrx_word' id='word_1_230' title='bbox 1096 2955 1384 3017; x_wconf 79' lang='grc' dir='ltr'>ζητούντων</span> <span class='ocrx_word' id='word_1_231' title='bbox 1422 2955 1482 3003; x_wconf 75' lang='grc' dir='ltr'>τά</span> <span class='ocrx_word' id='word_1_232' title='bbox 1514 2958 1680 3021; x_wconf 74' lang='grc' dir='ltr'><em>θηρία.</em></span> <span class='ocrx_word' id='word_1_233' title='bbox 1734 2961 1920 3020; x_wconf 81' lang='lat' dir='ltr'>(Voca-</span> 
     </span>
     <span class='ocr_line' id='line_1_33' title="bbox 89 3041 1923 3108; baseline -0.001 -17"><span class='ocrx_word' id='word_1_234' title='bbox 89 3043 265 3094; x_wconf 88' lang='lat' dir='ltr'>bantur</span> <span class='ocrx_word' id='word_1_235' title='bbox 291 3052 456 3094; x_wconf 86' lang='lat' dir='ltr'>autem</span> <span class='ocrx_word' id='word_1_236' title='bbox 476 3041 723 3106; x_wconf 59' lang='grc' dir='ltr'><em>μαστῆρες</em></span> <span class='ocrx_word' id='word_1_237' title='bbox 750 3062 778 3094; x_wconf 82' lang='lat' dir='ltr'>a</span> <span class='ocrx_word' id='word_1_238' title='bbox 803 3043 1136 3105; x_wconf 86' lang='lat' dir='ltr'>venatoribus,</span> <span class='ocrx_word' id='word_1_239' title='bbox 1160 3043 1241 3108; x_wconf 90' lang='lat' dir='ltr'>qui</span> <span class='ocrx_word' id='word_1_240' title='bbox 1267 3044 1317 3091; x_wconf 90' lang='grc'>111</span> <span class='ocrx_word' id='word_1_241' title='bbox 1345 3042 1585 3091; x_wconf 89' lang='lat' dir='ltr'>montium</span> <span class='ocrx_word' id='word_1_242' title='bbox 1611 3044 1761 3092; x_wconf 78' lang='lat' dir='ltr'>rumis</span> <span class='ocrx_word' id='word_1_243' title='bbox 1789 3047 1923 3105; x_wconf 82' lang='grc' dir='ltr'>(μα-</span> 
     </span>
     <span class='ocr_line' id='line_1_34' title="bbox 90 3128 714 3194; baseline -0.014 -12"><span class='ocrx_word' id='word_1_244' title='bbox 90 3128 247 3187; x_wconf 73' lang='grc' dir='ltr'>στΟἷς)</span> <span class='ocrx_word' id='word_1_245' title='bbox 273 3128 400 3178; x_wconf 86' lang='lat' dir='ltr'>feras</span> <span class='ocrx_word' id='word_1_246' title='bbox 432 3129 714 3194; x_wconf 86' lang='lat' dir='ltr'>quaerunt.)</span> 
     </span>
    </p>
   </div>
   <div class='ocr_carea' id='block_1_8' title="bbox 866 3196 1143 3248">
    <p class='ocr_par' dir='ltr' id='par_1_14' title="bbox 866 3196 1143 3248">
     <span class='ocr_line' id='line_1_35' title="bbox 866 3196 1143 3248; baseline -0.004 0"><span class='ocrx_word' id='word_1_247' title='bbox 866 3196 964 3248; x_wconf 81' lang='lat' dir='ltr'>Ad</span> <span class='ocrx_word' id='word_1_248' title='bbox 995 3196 1143 3248; x_wconf 78' lang='lat'>297.</span> 
     </span>
    </p>
   </div>
   <div class='ocr_carea' id='block_1_9' title="bbox 90 3291 1919 3428">
    <p class='ocr_par' dir='ltr' id='par_1_15' title="bbox 90 3291 1919 3428">
     <span class='ocr_line' id='line_1_36' title="bbox 231 3291 1919 3358; baseline -0.002 -17"><span class='ocrx_word' id='word_1_249' title='bbox 231 3293 462 3345; x_wconf 80' lang='lat' dir='ltr'>Suidas</span> <span class='ocrx_word' id='word_1_250' title='bbox 502 3314 537 3344; x_wconf 82' lang='lat' dir='ltr'>s.</span> <span class='ocrx_word' id='word_1_251' title='bbox 568 3315 610 3344; x_wconf 85' lang='lat' dir='ltr'>v.</span> <span class='ocrx_word' id='word_1_252' title='bbox 652 3291 882 3352; x_wconf 73' lang='grc' dir='ltr'>Βοώνηςε</span> <span class='ocrx_word' id='word_1_253' title='bbox 922 3296 1078 3344; x_wconf 88' lang='lat' dir='ltr'>Boum</span> <span class='ocrx_word' id='word_1_254' title='bbox 1118 3299 1309 3358; x_wconf 76' lang='lat' dir='ltr'>emptor</span> <span class='ocrx_word' id='word_1_255' title='bbox 1351 3310 1379 3340; x_wconf 89' lang='lat' dir='ltr'>a</span> <span class='ocrx_word' id='word_1_256' title='bbox 1406 3292 1592 3342; x_wconf 85' lang='lat' dir='ltr'>civibus</span> <span class='ocrx_word' id='word_1_257' title='bbox 1633 3292 1919 3356; x_wconf 80' lang='lat' dir='ltr'>eligebatur,</span> 
     </span>
     <span class='ocr_line' id='line_1_37' title="bbox 90 3375 1918 3428; baseline -0.001 -5"><span class='ocrx_word' id='word_1_258' title='bbox 90 3384 142 3423; x_wconf 88' lang='lat' dir='ltr'>ut</span> <span class='ocrx_word' id='word_1_259' title='bbox 169 3376 318 3425; x_wconf 73' lang='lat' dir='ltr'>boves</span> <span class='ocrx_word' id='word_1_260' title='bbox 346 3377 406 3426; x_wconf 83' lang='lat' dir='ltr'>ad</span> <span class='ocrx_word' id='word_1_261' title='bbox 434 3379 667 3428; x_wconf 82' lang='lat' dir='ltr'>sacrificia</span> <span class='ocrx_word' id='word_1_262' title='bbox 695 3387 890 3427; x_wconf 73' lang='lat' dir='ltr'>emeret.</span> <span class='ocrx_word' id='word_1_263' title='bbox 945 3380 1060 3426; x_wconf 77' lang='lat' dir='ltr'>Erat</span> <span class='ocrx_word' id='word_1_264' title='bbox 1099 3385 1259 3425; x_wconf 78' lang='lat' dir='ltr'>autem</span> <span class='ocrx_word' id='word_1_265' title='bbox 1301 3394 1473 3424; x_wconf 82' lang='lat' dir='ltr'>munus</span> <span class='ocrx_word' id='word_1_266' title='bbox 1507 3376 1636 3425; x_wconf 79' lang='lat' dir='ltr'>istud</span> <span class='ocrx_word' id='word_1_267' title='bbox 1667 3375 1806 3423; x_wconf 75' lang='lat' dir='ltr'>valde</span> <span class='ocrx_word' id='word_1_268' title='bbox 1835 3375 1918 3422; x_wconf 83' lang='lat' dir='ltr'>ho-</span> 
     </span>
    </p>
   </div>
  </div>
 </body>
</html>
