2114 3642
101 237 215 302 ”628
650 251 1061 301 COMMENTARIUS
1089 262 1158 294 AD
1187 261 1291 298 1494.
1321 261 1429 297 1495.

104 414 245 445 nam
283 398 630 463 pecuniam
680 391 807 441 sibi
858 389 1243 440 redditurus
1295 398 1499 453 esset,
1540 390 1591 439 si
1630 396 1820 456 pater
1860 407 1955 451 ea,

104 497 266 546 quae
301 480 556 531 litteris
594 475 1138 537 continerentur,
1178 494 1305 526 non
1333 476 1639 535 fecisset,
1681 481 1790 523 aut
1815 475 1957 540 ipse

106 580 418 614 reversus
456 562 557 610 hic
595 576 684 608 me
723 574 846 606 non
885 558 1242 624 reperiret,
1294 560 1368 610 ad
1407 559 1762 609 Pasionem
1802 557 1957 618 (scili-

103 654 184 696 cet
220 644 550 703 mensarium)
590 659 727 692 eum
765 641 1035 703 adduxi,
1089 643 1299 707 quise
1338 650 1399 693 et
1436 649 1683 692 sortem
1721 648 1782 690 et
1819 657 1956 690 usu-

106 748 211 780 ras
264 730 318 779 ei
370 725 781 776 redditurum
834 725 1153 791 promisit.
1218 724 1296 776 An
1337 743 1455 776 vero
1496 726 1708 792 putatis,
1756 725 1796 773 si
1833 723 1957 773 nihil

104 813 236 880 apud
263 828 375 861 eum
402 810 681 877 depositum
706 810 1016 870 habuissem,
1056 826 1166 859 eum
1205 817 1308 859 tam
1350 809 1492 860 facile
1519 817 1687 859 tantae
1715 808 1954 875 pecuniae

107 911 398 961 sponsorem
424 893 642 943 futurum
670 893 820 943 fuisse
838 891 895 942 ?“

236 973 369 1044 Ἐγώ
387 1013 401 1033 ,
443 970 483 1023 ὦ
509 970 690 1041 ἄνδρες
718 974 986 1033 δικασταί,
1009 977 1290 1039 μέλλοντος
1316 977 1704 1039 Στρατοκλέους
1730 975 1946 1030 εἰςπλεῖν

99 1063 169 1117 εἰς
207 1058 301 1109 τὸν
344 1057 586 1117 Πόντον,
634 1057 949 1123 βουλόμενος
989 1063 1196 1108 ἐκεῖθεν
1236 1055 1300 1115 ὥς
1339 1062 1526 1108 πλεῖστ’
1567 1059 1955 1122 ἐκκομίσασθαι

99 1142 204 1193 τῶν
235 1142 539 1208 χρημάτων,
589 1141 806 1202 ἐδεήθην
845 1146 1232 1207 Στρατοκλέους
1271 1141 1330 1191 τὸ
1372 1144 1472 1206 μὲν
1523 1136 1687 1192 αὑτοῦ
1733 1143 1958 1205 χρυσίον

99 1230 572 1292 ἐμοὶνκαταλιπεῐν,
613 1231 670 1276 ἐν
698 1224 748 1275 δὲ
775 1225 847 1291 τῷ
879 1224 1072 1291 Πόντῳ
1101 1224 1235 1290 παρὰ
1263 1225 1357 1275 τοῦ
1401 1224 1586 1291 πατρὸς
1623 1223 1828 1290 τούμοῦ
1858 1244 1956 1273 κο-

94 1314 382 1375 μίσασθαι,
423 1314 653 1376 νομίζων
685 1310 885 1379 μεγάλα
925 1310 1246 1375 κερδαίνειν,
1291 1313 1340 1359 εἰ
1377 1309 1511 1359 κατὰ
1548 1308 1714 1359 πλοῦν
1734 1307 1807 1373 μὴ
1836 1329 1956 1358 κιν-

101 1393 307 1444 δυνεύοι
353 1393 415 1443 τὰ
451 1394 715 1460 χρήματα,
770 1390 934 1451 ἄλλως
973 1415 1025 1443 τε
1063 1398 1155 1443 καὶ
1196 1393 1633 1458 Λακεδαιμονίων
1685 1391 1956 1458 ἀρχόντων

100 1484 215 1527 κατ’
243 1484 449 1529 ἐκεῖνον
486 1477 581 1527 τὸν
609 1477 812 1543 χρόνον
847 1477 932 1537 τῆς
962 1477 1226 1538 θαλάττης.
1256 1519 1266 1530 .
1297 1519 1303 1526 .
1339 1476 1693 1542 ,Ἐρωτῶντος
1721 1481 1956 1543 Στρατο-

101 1566 283 1620 Χλέθυς
311 1580 446 1619 Οό’ῖίς
473 1560 615 1628 (113Τῴ
644 1560 895 1614 ἀπθδώόει
922 1581 983 1609 Ta
1011 1581 1281 1627 χθηβίαῖα,
1322 1560 1413 1612 gay
1441 1583 1468 1611 Ο
1499 1581 1659 1625 ΠαῖῙἺρ
1687 1582 1714 1610 O
1744 1559 1862 1625 ἐμὸς
1882 1582 1954 1624 ur]

101 1646 283 1710 ποιήσῃ
306 1645 366 1695 τά
394 1650 766 1711 ἐπεσταλμένα,
810 1644 838 1705 ἡ
879 1643 1035 1702 αὐτὸς
1062 1645 1341 1701 ἐκπλείσας
1370 1644 1553 1695 ἐνθάδ’
1580 1646 1663 1709 ἐμὲ
1688 1667 1760 1709 μη
1789 1664 1955 1693 κατα-

100 1729 261 1794 λάβῃ,
305 1734 556 1780 Πασίωνα
596 1728 737 1796 αὐτῷ
779 1748 874 1779 συι
877 1748 1081 1789 εστησα,
1122 1735 1213 1778 καὶ
1253 1725 1581 1798 ὦμολὸγησεν
1623 1729 1776 1785 οὗτος
1810 1726 1954 1793 αὐτῷ

101 1834 192 1862 και
231 1812 289 1862 τὸ
330 1812 550 1879 ἀρχαῖον
590 1835 680 1864 και
719 1836 839 1871 τους
878 1814 1067 1872 τόκους
1117 1835 1238 1871 τους
1277 1817 1613 1883 γιγνομένους
1653 1811 1952 1862 ἀποδωσειν.

103 1901 314 1956 Καίτοι,
355 1901 403 1947 εἰ
433 1898 593 1963 μηδὲν
634 1901 799 1948 ἔκειτο
840 1905 952 1964 παρ’
981 1896 1123 1963 αὐτῷ
1162 1899 1265 1948 τῶν
1291 1897 1455 1962 ἐμῶν,
1497 1899 1663 1947 οἴεσθ’
1694 1894 1761 1946 ἄν
1788 1894 1954 1946 αὐτὸν

102 1978 236 2030 οὕτω
265 1979 445 2045 ῥαδίως
471 1982 733 2033 τοσούτων
753 1983 1028 2049 χρημάτων
1055 1980 1305 2050 ἐγγυητήν
1325 2002 1432 2046 μου
1460 1985 1717 2050 γενέσθαι.
1749 1979 1855 2049 (§§.
1885 1981 1951 2031 35

103 2068 283 2128 „„37Q

244 2152 485 2209 Videmus
512 2153 590 2204 hic
618 2171 789 2204 omnes
818 2171 895 2203 res
922 2154 1228 2204 necessarias
1255 2154 1318 2203 ad
1351 2154 1601 2204 cambium
1640 2151 1952 2214 mercantile3

91 2237 331 2287 *nimirum
369 2236 638 2287 Stratocles
678 2238 762 2288 dat
801 2236 1009 2288 Athenis
1060 2238 1327 2304 peregrino
1367 2238 1552 2288 homini
1579 2232 1858 2303 'pecuniam
1896 2252 1954 2285 ea

101 2321 379 2371 conditione
406 2329 459 2370 ut
484 2322 777 2387 peregrinus
815 2329 1041 2371 teneatur
1079 2323 1214 2371 illam
1240 2323 1291 2371 in
1320 2322 1481 2372 Ponto
1509 2321 1735 2371 Stratocli
1763 2321 1951 2371 exsolvi

101 2422 284 2454 curare.
335 2405 454 2455 Ideo
495 2406 580 2455 dat
618 2405 912 2471 peregrinus
946 2405 1177 2454 Stratocli
1216 2405 1402 2455 litteras
1444 2406 1858 2468 (ἐπεσταλμένα),
1898 2404 1949 2452 in

102 2488 277 2552 quibus
314 2488 603 2553 peregrinus
644 2488 890 2552 significat
930 2488 1083 2554 patri,
1126 2496 1179 2537 ut
1214 2489 1388 2539 reddat
1414 2489 1672 2555 pecuniam
1701 2488 1947 2538 Stratocli.

102 2571 152 2620 Si
179 2580 340 2623 autem
367 2582 509 2640 pater
534 2574 786 2639 peregrini
813 2590 914 2622 non
941 2575 1182 2635 solveret,
1224 2591 1324 2624 non
1351 2573 1710 2640 periclitabitur
1736 2573 1948 2639 pecunia

101 2653 384 2719 Stratoclis,
426 2657 541 2722 quia
566 2656 713 2705 Pasio
741 2656 857 2706 fecit
883 2658 1215 2722 sponsionem.

243 2741 314 2790 Cf.
343 2740 554 2791 Caille
572 2759 621 2791 m
638 2758 725 2790 er:
753 2725 939 2791 Fitudes
955 2760 1038 2791 sur
1064 2743 1137 2792 les
1163 2742 1426 2807 antiquites
1448 2741 1720 2807 juridiques
1748 2738 1946 2789 d'Athe-

102 2838 202 2871 nes,
246 2824 382 2874 Paris
411 2825 561 2873 1865.

863 2893 962 2946 Ad
986 2894 1175 2948 1495.

245 3000 339 3050 Hic
365 3003 584 3052 videmus
610 3003 770 3069 prima
795 3003 934 3053 initia
967 3003 1205 3055 librorum
1245 3005 1582 3072 publicorum,
1623 3005 1803 3073 quibus
1830 3024 1943 3074 pos-

101 3085 344 3133 sessiones
371 3085 644 3153 descriptae
673 3088 1071 3138 continebantur.
1122 3089 1393 3155 Perperam
1424 3090 1574 3154 igitur
1612 3090 1782 3140 dicunt
1818 3109 1943 3140 non-

101 3168 223 3216 nulli
262 3167 447 3233 primos
487 3169 763 3234 hujusmodi
802 3171 957 3221 libros
997 3191 1128 3222 anno
1173 3173 1360 3223 1790-0
1387 3174 1438 3222 in
1466 3173 1631 3223 Gallia
1655 3173 1804 3223 fuisse
1832 3175 1942 3240 lege
1987 3160 1991 3165 ⁶

100 3251 419 3300 introductos.
472 3251 643 3316 Longe
671 3262 816 3304 antea
835 3256 967 3321 jam,
997 3273 1172 3322 nempe
1200 3273 1330 3306 anno
1361 3257 1574 3319 1288-0‚
1604 3257 1815 3308 Senatus
1844 3258 1940 3308 Ve-

102 3342 325 3384 netorum
364 3337 638 3401 praecepit,
691 3347 741 3387 ut
787 3341 867 3404 qui
907 3342 1267 3406 possessionem
1306 3360 1445 3392 suam
1482 3343 1588 3391 aliis
1625 3341 1729 3390 sive
1769 3341 1938 3391 vendi-

101 3418 232 3467 tione
259 3419 360 3468 sive
388 3419 482 3469 alio
523 3436 717 3483 quoquo
757 3424 903 3474 modo
930 3425 1103 3476 cedere
1130 3426 1302 3487 vellet,
1343 3426 1390 3476 id
1417 3425 1785 3490 magistratibus
1813 3426 1936 3476 indi-
