2114 3642
126 217 230 265 610
762 229 1169 264 coMMEN'rAmUs
1200 227 1264 261 AD
1294 227 1397 261 1392.

894 387 992 441 Ad
1021 389 1210 442 1392.

269 504 435 553 Isaeus
464 505 521 552 de
551 502 774 565 Hagniae
804 501 967 550 hered.
997 498 1039 565 ξ.
1074 501 1164 548 16:
1204 501 1292 546 καὶ
1330 500 1375 546 οἱ
1417 496 1584 562 κύριοι
1627 518 1710 556 της
1743 498 1964 564 ‘Ayvc‘ov

117 582 305 646 μητρὸς
335 580 458 642 ἦσαν
487 581 590 630 οἶοί
634 603 679 630 ιε
719 582 839 646 πρὸς
866 586 946 646 ἐμὲ
977 579 1275 633 ἀντιδικεῖν.
1330 584 1486 643 Sane,
1516 591 1765 632 curatores
1792 583 1961 630 matris

123 687 222 717 non
250 671 524 734 potuissent
551 684 660 716 cum
689 667 852 732 aliquo
881 667 940 716 de
970 667 1240 716 hereditate
1277 666 1357 716 filii
1387 666 1712 726 contendere,
1753 666 1790 713 si
1821 665 1965 713 matri

121 753 307 801 nullum
327 753 408 816 jus
437 752 610 799 fuisset
639 750 697 798 ad
727 750 810 798 filii
840 748 1175 800 hereditatem.
1205 750 1311 799 Hoc
1339 759 1505 799 tamen
1526 751 1608 815 jus
1638 748 1830 797 nonnisi
1846 756 1962 796 tunc

120 835 360 892 habebat,
413 835 450 881 si
501 834 627 881 filius
667 833 776 895 lege
818 833 1149 898 praescriptos
1190 834 1395 882 heredes
1436 850 1535 881 non
1581 831 1795 881 haberet.
1849 830 1966 881 Ideo

119 917 234 965 dicit
261 926 454 977 orator,
497 918 664 965 matris
705 933 814 964 cum
856 917 956 965 filio
998 918 1347 980 cognationem
1388 916 1606 965 omnium
1646 914 1966 964 arctissimam

118 1018 249 1059 esse,
292 1017 463 1049 verum
491 1001 539 1048 in
567 1001 805 1064 gradibus
840 1002 1285 1065 coi‘isai‘lguinitatis
1317 1019 1343 1048 a
1371 1001 1480 1064 lege
1511 999 1785 1047 constitutis
1814 1000 1962 1061 (ergo

114 1084 163 1130 in
192 1082 360 1132 ordine
388 1085 700 1143 hereditatis)
741 1085 880 1134 aliter
908 1103 1009 1134 rem
1037 1102 1087 1133 se
1118 1085 1311 1134 habere.
1370 1085 1574 1145 Μητέρα
1603 1078 1728 1129 dvm
1759 1080 1855 1128 τοῦ
1882 1100 1962 1127 τε-

117 1164 448 1224 λευτήσαντος
475 1170 876 1234 συγγενέστατον
898 1167 994 1228 μὲν
1027 1166 1082 1228 τῇ
1108 1164 1255 1227 φύσει
1289 1165 1494 1214 πάντων
1512 1202 1522 1221 ,
1564 1168 1619 1212 ἐν
1659 1166 1707 1213 δὲ
1737 1170 1841 1219 ταῖς
1868 1160 1965 1231 ἅγ-

109 1252 356 1309 χιοῑειάις
387 1247 806 1316 ὁμολογουμένως
836 1246 937 1297 οὐκ
966 1249 1101 1297 ἔστιν
1132 1248 1355 1315 (§.17.).

259 1345 419 1395 Etiam
448 1364 507 1394 ex
535 1353 828 1409 argumento
858 1345 1093 1393 orationis
1133 1346 1258 1395 Isaei
1294 1345 1354 1393 de
1397 1345 1664 1394 Aristarchi
1693 1343 1964 1392 hereditate

115 1436 321 1483 constat,
350 1436 556 1477 matrem
579 1429 660 1493 jus
688 1428 1010 1476 successionis
1040 1428 1300 1488 habuisse3
1344 1427 1653 1478 Aristarchus
1681 1429 1811 1476 enim
1841 1427 1962 1476 libe-

114 1529 276 1560 rorum
307 1521 516 1577 quatuor
544 1519 692 1577 paler,
724 1511 987 1577 Cyl-onidis
1017 1519 1063 1559 et
1081 1511 1401 1560 Democharis
1430 1520 1476 1560 et
1505 1511 1672 1560 matris
1699 1512 1825 1560 hanc
1853 1528 1959 1560 ora·

115 1595 299 1643 tionem
327 1595 555 1643 habentis
586 1604 633 1643 et
661 1596 784 1644 alius
808 1595 1036 1660 puellae,
1078 1595 1238 1643 adhuc
1269 1596 1440 1643 vivens
1469 1594 1775 1660 Cyronidem
1800 1596 1849 1642 in
1878 1594 1959 1644 he-

114 1678 370 1727 reditatem
410 1679 487 1726 avi
531 1680 737 1726 materni
779 1678 1054 1726 Xenaeneti
1095 1677 1375 1742 adoptavit,
1421 1679 1634 1742 reliquos
1675 1695 1790 1727 vero
1835 1678 1962 1726 filios

112 1762 218 1826 ipse
248 1761 337 1809 sibi
367 1761 570 1809 heredes
603 1761 811 1825 reliquit.
866 1762 1047 1809 Postea
1074 1761 1404 1810 Demochares
1446 1762 1550 1810 sine
1593 1761 1703 1810 filiis
1742 1768 1961 1809 mortuus

115 1854 214 1903 est,
256 1853 303 1893 et
330 1845 428 1893 filia
457 1846 560 1910 ejus
589 1846 734 1894 unica
762 1853 807 1893 et
834 1847 938 1911 ipsa
968 1863 1162 1910 quoque
1190 1847 1294 1893 sine
1324 1844 1514 1894 liberis:
1557 1847 1786 1895 universa
1812 1846 1962 1909 igitur

114 1928 358 1977 hereditas
403 1930 582 1994 juste
635 1930 694 1977 in
735 1938 1002 1978 matrem
1055 1929 1299 1979 recidit
1338 1930 1463 1978 hanc
1515 1931 1786 1979 orationem
1840 1930 1959 1978 reci-

112 2014 275 2061 tantis,

256 2096 524 2161 Perperam
565 2098 714 2161 igitur
753 2105 957 2146 conatus
987 2105 1061 2146 est
1087 2097 1179 2146 Ga
1194 2097 1375 2145 usius
1410 2097 1647 2161 probare,
1690 2096 1960 2144 successio-

112 2195 224 2227 nem
254 2180 421 2227 matris
448 2178 612 2228 locum
640 2197 738 2228 non
768 2180 1011 2228 habuisse.

255 2274 327 2323 Cf.
357 2275 717 2324 Bachofen:
760 2278 860 2325 Das
890 2276 1225 2325 Mutterrecht.
1267 2276 1389 2325 Eine
1419 2274 1810 2339 Untersuchung
1835 2276 1958 2324 uber

112 2358 187 2405 die
218 2357 623 2423 Gynaekokratie
652 2359 737 2408 der
765 2360 895 2408 alten
923 2359 1041 2408 Zeit.
1083 2359 1290 2424 (Stuttg.
1324 2359 1502 2416 1861.)

256 2453 418 2515 5‚Tota
445 2456 690 2504 successio
719 2456 810 2505 hac
837 2455 1007 2505 tabula
1034 2458 1338 2505 continetur:

251 2550 285 2597 I.
329 2549 545 2599 Vocatur
573 2551 729 2616 primo
756 2551 861 2599 loco
890 2552 949 2600 ad
977 2552 1336 2601 successionem
1364 2552 1514 2617 ipsius
1538 2550 1757 2599 defuncti
1785 2550 1957 2614 stirps:

395 2633 442 2752 Ξ
482 2634 653 2766 {339⁷
685 2634 702 2771 ξ
745 2679 953 2736 nepotes
982 2689 1040 2720 ex
1069 2671 1125 2719 iis
1156 2678 1569 2736 pronepotesque.

231 2798 289 2845 ΙΙ,
331 2799 477 2847 Pater
518 2800 696 2850 deinde
738 2809 785 2849 et
825 2802 906 2865 qui
947 2818 1008 2852 ex
1046 2802 1197 2867 stirpe
1238 2809 1446 2867 paterna
1485 2803 1581 2850 sint
1622 2801 1670 2848 in
1699 2801 1844 2849 domo
1874 2799 1955 2847 de-

339 2882 489 2930 functi
509 2903 517 2931 :

400 2966 439 3013 1.
482 2967 626 3015 Pater
654 2968 892 3033 primum,
921 2968 1096 3017 deinde
1125 2986 1183 3017 ex
1213 2986 1269 3016 eo
1297 2970 1569 3034 procreati:

397 3049 441 3096 2.
482 3051 679 3099 Fratres
708 3052 960 3114 germani,
989 3068 1258 3116 eorumque
1286 3052 1454 3112 liberi,
1484 3060 1528 3098 et

398 3129 440 3176 3,
482 3131 683 3182 Sorores
710 3151 972 3196 germanae
1002 3151 1266 3198 earumque
1295 3133 1446 3182 liberi.

550 3214 652 3263 Hos
693 3219 943 3283 excipiunt
984 3218 1064 3282 qui
1099 3218 1158 3265 ab
1188 3235 1279 3266 avo
1308 3219 1385 3267 vel
1412 3218 1522 3266 avia
1549 3215 1741 3264 oriundi
1770 3217 1879 3264 sint.

407 3295 440 3342 1.
482 3294 776 3347 Conwbrini
806 3318 863 3349 ex
892 3302 1044 3365 iisque
1072 3301 1211 3349 liberi
1240 3310 1287 3348 et

400 3379 442 3425 5.
483 3376 817 3430 Consobrinae
844 3400 1104 3448 earumque
1133 3384 1285 3433 liberi.
