2114 3642
151 181 250 228 586
623 195 1029 231 COMMENTARIUS
1057 191 1128 223 AD
1157 188 1258 226 1239.
1290 190 1393 227 1240.
1422 190 1525 227 1243.

914 316 1013 370 Ad
1036 316 1226 370 1239.

290 419 363 469 Cf.
393 419 626 469 Boeckhii
658 435 791 483 corp.
820 416 1038 481 inscript.
1066 433 1139 480 gr.
1169 416 1252 464 Nr.
1281 417 1349 464 90
1377 424 1425 465 et
1456 417 1603 464 1691.

914 555 1013 609 Ad
1038 556 1228 609 1240.

288 674 332 719 D
350 688 373 718 e
390 688 435 716 m
452 688 479 717 0
495 687 517 715 s
535 676 552 716 t
567 668 612 715 11.
655 667 685 716 d
704 684 729 715 e
769 667 815 715 H
832 667 888 715 al
907 684 934 715 0
951 684 982 714 11
999 684 1031 714 11
1047 682 1072 714 6
1088 684 1110 714 s
1127 684 1168 714 0.
1210 665 1303 714 79:
1343 665 1703 716 Macedonibus
1743 668 1987 734 recipera-

147 756 280 804 tione
307 771 413 801 cum
443 750 827 799 Atheniensibus
863 768 962 798 non
1004 767 1110 799 esse
1150 768 1301 815 opus,
1342 751 1664 816 praeteritum
1692 759 1886 818 tempus
1912 769 1986 801 ar-

144 831 379 900 gumento
407 834 482 882 sit.
537 835 708 899 Neque
750 834 878 882 enim
915 833 991 881 vel
1020 833 1265 898 Amyntas
1294 832 1509 899 Philippi
1538 842 1680 900 pater
1707 835 1786 882 vel
1815 836 1988 900 reliqui

143 938 283 984 reges
336 935 553 983 unquam
604 918 1012 983 reciperationem
1051 934 1162 966 cum
1203 916 1403 965 civitate
1455 925 1624 966 nostra
1662 919 1988 984 pepigerunt,

143 1003 365 1068 quamvis
406 1010 524 1051 tunc
564 1001 706 1067 plura
740 1003 1037 1052 commercia
1077 1018 1223 1066 quam
1258 1019 1389 1050 nunc
1416 1001 1673 1051 nobiscum
1702 1004 1759 1052 iis
1786 1004 1989 1052 interce-

142 1087 325 1135 derent.
377 1087 505 1134 Nam
543 1086 593 1133 in
634 1094 799 1135 nostra
834 1094 1080 1151 potestate
1109 1093 1213 1135 erat
1240 1085 1534 1134 Macedonia
1560 1094 1609 1134 et
1636 1086 1820 1135 tributa
1846 1086 1990 1135 nobis

140 1169 394 1233 pendebat
409 1177 457 1218 et
479 1170 710 1235 emporiis
738 1178 854 1218 tunc
882 1171 1039 1233 magis
1068 1187 1213 1235 quam
1243 1185 1375 1217 nunc
1391 1175 1489 1217 tam
1517 1187 1609 1217 nos
1627 1169 1820 1218 illorum
1848 1187 1991 1235 quam

140 1253 231 1318 ipsi
262 1253 441 1301 nostris
469 1254 759 1313 utebantur,
803 1263 850 1302 et
883 1253 1071 1319 judicia
1104 1260 1430 1301 mercatorum
1458 1270 1556 1300 non
1585 1261 1726 1301 erant
1752 1254 1819 1302 ita
1845 1271 1987 1302 accu-

139 1344 270 1393 rata,
311 1343 361 1383 ut
389 1354 542 1394 nunc,
586 1355 708 1401 quae
750 1337 864 1402 quia
905 1354 1073 1385 mense
1116 1335 1437 1395 dirimuntur,
1480 1336 1731 1396 efficiunt,
1773 1345 1827 1385 ut
1854 1345 1989 1385 tanto

139 1420 354 1467 locorum
380 1419 641 1468 intervallo
670 1420 877 1486 sejuncti
906 1420 1260 1485 reciperatione
1304 1418 1423 1467 nihil
1463 1419 1734 1483 indigeant.
1789 1419 1886 1469 Sed
1918 1427 1987 1468 ta-

138 1520 245 1551 men
276 1521 424 1568 quum
453 1503 547 1552 illis
576 1505 880 1569 temporibus
907 1504 1001 1553 tale
1028 1504 1148 1552 nihil
1176 1504 1222 1550 in
1252 1522 1341 1552 usu
1369 1511 1520 1563 esset,
1548 1520 1651 1552 non
1680 1504 1988 1568 expediebat,

138 1595 188 1634 ut
216 1596 361 1652 pacta
389 1587 744 1652 reciperatione
784 1588 844 1635 ad
879 1588 991 1653 jura
1031 1587 1246 1653 petenda
1284 1587 1362 1635 vel
1397 1602 1421 1632 e
1451 1586 1741 1636 Macedonia
1773 1586 1989 1637 Athenas

137 1669 213 1718 vel
241 1670 447 1720 Athenis
475 1671 522 1718 in
553 1670 894 1719 Macedoniam
920 1671 1266 1734 navigaretur,
1303 1669 1388 1718 sed
1418 1678 1469 1718 ut
1497 1671 1863 1719 controversias
1893 1689 1983 1720 nos

135 1754 359 1814 illorum,
389 1754 459 1802 sic
485 1755 552 1802 illi
582 1755 762 1804 nostris
789 1755 984 1819 legibus
1005 1753 1217 1820 judicari
1245 1753 1577 1819 patiebantur.

281 1836 332 1885 Si
359 1837 510 1902 igitur
536 1838 761 1887 civitates
790 1838 924 1887 nullo
953 1837 1328 1903 reciperationis
1360 1839 1472 1904 jure
1501 1838 1828 1903 conjunctae,
1870 1855 1986 1887 con—

137 1921 400 1970 troversias
437 1921 790 1987 cujuscumque
832 1922 1042 1970 civitatis
1078 1920 1358 1979 hominum,
1399 1921 1611 1986 propriis
1654 1921 1753 1970 suis
1794 1921 1986 1985 legibus

128 2004 501 2069 judicaverant,
543 2005 746 2069 planum
776 2004 971 2053 videtur
999 2023 1131 2065 esse,
1172 2022 1230 2053 ex
1259 2003 1352 2053 hoc
1379 2005 1730 2053 Demosthenis
1758 2005 1893 2066 loco,
1921 2005 1985 2053 ci-

135 2088 308 2136 vitates
348 2089 718 2154 reciperationis
750 2091 862 2155 jure
903 2091 1220 2155 conjunctas,
1262 2089 1397 2138 illum
1437 2090 1728 2138 observasse
1772 2090 1984 2147 modum,

135 2179 188 2219 ut
226 2173 588 2221 controversias
629 2174 811 2222 civium
851 2181 1222 2235 extraneorum,
1277 2191 1376 2222 11011
1417 2173 1689 2222 secundum
1728 2175 1982 2240 proprias,

137 2255 220 2304 sed
259 2256 434 2304 horum
472 2264 827 2306 extraneonum
867 2257 1052 2322 patrias
1100 2258 1236 2320 leges
1277 2257 1577 2306 dirimerent.
1631 2257 1682 2306 Si
1721 2258 1873 2322 igitur
1911 2258 1986 2306 vir

136 2338 453 2388 Atheniensis
481 2357 590 2387 cum
621 2340 1015 2390 Lacedaemonio
1045 2339 1254 2388 Athenis
1281 2340 1548 2403 litigasset,
1589 2341 1861 2390 secundum
1889 2341 1981 2389 La·

136 2424 503 2485 cedaemonias,
533 2425 571 2472 si
599 2432 762 2474 autem
790 2424 1020 2491 Spartae,
1050 2424 1318 2474 secundum
1349 2423 1671 2474 Athenienses
1699 2424 1838 2490 leges
1865 2424 1979 2474 fuis-

136 2514 208 2555 set
235 2525 312 2557 res
339 2508 626 2557 dirimenda.

276 2591 332 2640 Id
361 2610 556 2657 quoque
585 2611 610 2641 e
638 2592 990 2642 Demosthenis
1017 2593 1126 2641 1000
1163 2593 1410 2658 sequitur,
1453 2593 1580 2641 inter
1606 2591 1711 2642 illas
1740 2592 1979 2648 civitates,

137 2690 260 2736 quae
288 2676 398 2724 lites
425 2685 754 2726 mercatorum
781 2677 909 2725 intra
936 2678 1078 2727 unius
1104 2678 1285 2726 mensis
1301 2677 1515 2742 spatium
1544 2676 1851 2737 dirimebant,
1881 2694 1982 2725 non

136 2756 282 2806 fuisse
311 2761 611 2810 necessarias
639 2762 687 2810 in
716 2761 883 2810 litibus
912 2770 1235 2810 mercatorum
1263 2760 1658 2826 reciperationes.

898 2900 997 2954 Ad
1022 2902 1211 2954 1243.

279 3008 456 3059 Pollux
485 3012 620 3074 VIII,
650 3013 744 3062 88:
784 3015 874 3059 καὶ
913 3009 974 3058 τά
1017 3010 1253 3074 σύμβολα
1295 3014 1368 3074 (οἱ
1400 3016 1738 3075 θεσμοθέται)
1768 3010 1825 3058 τά
1858 3010 1978 3075 πρὸς

134 3087 220 3144 τὰς
249 3092 415 3144 πόλεις
442 3095 704 3154 κυροὺσιν.
748 3099 883 3147 Haec
912 3115 1010 3146 non
1039 3098 1179 3146 aliter
1212 3107 1419 3162 possunt
1446 3098 1745 3147 concordare
1774 3114 1884 3145 cum
1912 3098 1975 3146 ci·
2012 3138 2016 3142 Δ

135 3182 235 3223 tato
276 3175 618 3225 Demosthenis
656 3182 789 3239 loco,
831 3199 978 3246 quam
1019 3181 1056 3230 si
1100 3181 1454 3238 concedamus,
1496 3183 1586 3229 sub
1627 3181 1975 3229 thesmotheta-

135 3275 240 3306 rum
269 3258 509 3322 praesidio
550 3273 871 3313 convocatum
910 3265 1059 3313 fuisse
1082 3263 1323 3329 judicium
1352 3265 1413 3313 ad
1440 3263 1828 3313 confirmandam
1855 3264 1973 3312 reci-

135 3351 452 3406 perationem.
