2114 3642
784 269 848 300 DE
877 253 1224 302 coN'TUMELIA.
1813 246 1920 304 ’293

82 395 273 461 giorum
298 403 488 462 partem
514 410 614 445 non
642 395 820 456 tulerit,
839 396 877 443 is
894 396 1025 444 mille
1055 396 1314 446 drachmas
1342 396 1576 445 mulctam
1603 397 1793 445 aerario
1821 397 1914 445 sol-

83 488 177 529 vat.
229 479 280 528 Si
308 480 604 529 contumelia
630 479 851 544 pecuniis
890 479 1148 527 aestimata
1188 480 1362 541 fuerit,
1403 480 1672 541 vinciatur,
1715 480 1753 527 si
1780 480 1918 544 inge-

80 581 231 612 nuum
258 563 475 612 affecerit
501 562 823 623 contumelia,
865 561 1023 609 donec
1049 563 1266 611 solverit.

917 680 1069 730 1159.

206 770 313 822 ”Αν
348 793 421 829 τις
464 769 767 832 Ἀθηναίων
804 769 1080 837 ἐλεύθερον
1120 770 1276 820 παῖδα
1313 768 1531 838 ὑβρίσῃ,
1570 775 1846 841 γραφέσθω
1887 768 1915 822 ὖ

78 855 256 922 κύριος
282 856 377 905 τοῦ
404 854 581 912 παιδὸς
608 854 728 920 πρὸς
754 854 873 912 τούς
902 860 1243 919 θεσμοθέτας,
1274 858 1463 920 τίμημα
1491 855 1912 925 ἐπιγραψάμενος.

72 934 166 990 ἴΩι
205 937 272 989 ἂν
308 937 365 988 τὸ
409 937 733 1004 δικαστήριον
772 939 1180 1005 καταψηφισθῇ,
1233 938 1543 1002 παραδοθεὶς
1580 947 1685 997 τοῖς
1730 940 1914 990 ἕνδεκα

78 1023 308 1073 τεθνάτω
335 1020 645 1088 αὐθημερόν.
679 1020 809 1071 Ἐάν
836 1022 885 1072 δὲ
913 1026 983 1080 εἰς
1010 1021 1258 1091 ἀργύριον
1283 1025 1692 1089 καταψηφισθῇ,
1733 1021 1917 1072 ἀποτι-

81 1107 209 1156 σάτω
236 1113 291 1156 ἐν
317 1105 498 1155 ἕνδεκα
526 1101 723 1170 ἡμέραις
743 1104 870 1170 μετά
897 1103 993 1164 την
1021 1105 1188 1166 δίκην,
1217 1103 1308 1155 ἐὰν
1328 1104 1399 1169 μή
1430 1106 1733 1171 παραχρῆμα
1763 1105 1918 1167 δύνη-

79 1213 158 1241 ται
186 1191 474 1240 ἀποτίνειν·
510 1196 600 1248 ,ἕως
628 1189 676 1238 δὲ
705 1190 798 1238 τοῦ
828 1188 1064 1238 ἀποτῖσαι
1092 1190 1369 1255 εἱρχθήτω·
1398 1192 1574 1252 ἔνοχοι
1616 1189 1664 1237 δὲ
1697 1191 1919 1239 ἔστωσαν

79 1275 239 1332 ταῖςδε
264 1282 372 1331 ταῖς
398 1277 583 1330 αἰτίαις
610 1277 699 1322 καὶ
727 1275 774 1322 οἱ
800 1276 868 1330 εἰς
891 1272 950 1321 τά
978 1272 1212 1322 οἰκετικὰ
1241 1273 1445 1339 σώματα
1472 1271 1912 1338 ἐξαμαρτάνοντες.

452 1361 584 1422 (Lex
611 1360 807 1410 Solonis
835 1360 967 1426 apud
995 1360 1224 1410 Aeschin.
1253 1378 1292 1409 c,
1321 1359 1571 1410 Timarch.
1600 1357 1642 1425 ξ.
1673 1360 1778 1420 16.)

921 1479 1071 1530 1159.

219 1577 271 1626 Si
297 1576 403 1642 quis
430 1574 743 1627 Atheniensis
771 1593 923 1642 puero
951 1576 1167 1640 ingenuo
1193 1574 1542 1626 contumeliam
1572 1575 1771 1637 fecerit,
1800 1575 1839 1624 is
1867 1576 1916 1623 in

78 1661 216 1727 cujus
243 1667 486 1727 potestate
515 1677 636 1725 puer
663 1666 736 1708 est
761 1659 901 1708 illum
926 1658 987 1707 ad
1013 1659 1368 1708 thesmothetas
1396 1659 1612 1721 deferat,
1647 1659 1745 1707 litis
1773 1659 1917 1707 aesti-

78 1745 291 1793 matione
318 1744 367 1792 in
393 1742 557 1793 libello
585 1743 845 1809 adscripta.
897 1743 1086 1804 Quodsi
1126 1751 1282 1792 morte
1315 1742 1555 1808 judicium
1594 1759 1704 1791 eum
1738 1742 1916 1790 conde-

78 1828 345 1890 mnaverit,
374 1826 724 1876 undecimviris
751 1826 959 1876 traditus
987 1827 1159 1876 eadem
1185 1827 1263 1876 die
1290 1827 1584 1892 perimatur:
1623 1826 1699 1875 sin
1727 1826 1770 1874 ei
1797 1826 1917 1874 mul-

77 1920 157 1960 cta
183 1911 465 1976 pecuniaria
490 1911 707 1975 irrogata
745 1911 917 1972 fuerit,
956 1911 1084 1959 intra
1122 1911 1223 1960 dies
1263 1910 1493 1960 undecim
1534 1916 1646 1975 post
1675 1909 1917 1974 judicium

78 1996 263 2057 solvat,
303 1995 342 2043 si
380 1995 544 2043 statim
583 1995 775 2043 solvere
815 2013 916 2043 non
955 1995 1198 2060 potuerit3
1244 1995 1400 2043 donec
1441 2011 1558 2042 vero
1598 1993 1825 2053 solverit,
1867 1993 1914 2040 in

79 2094 270 2127 carcere
297 2084 537 2127 teneatur.
589 2077 770 2127 Iisdem
796 2096 944 2144 porro
971 2078 1258 2128 criminibus
1285 2084 1549 2126 teneantur
1575 2076 1606 2124 ii
1633 2076 1800 2137 etiam,
1833 2075 1913 2140 qui

78 2161 273 2210 servilia
298 2178 507 2228 corpora
532 2162 842 2211 violaverint.

927 2269 1075 2318 1160.

210 2358 338 2411 Ἐάν
362 2380 434 2417 τις
461 2356 679 2424 ἀπαχθῇ
704 2361 806 2410 τῶν
844 2365 1038 2429 γονέων
1077 2360 1347 2417 κακώσεως
1384 2356 1616 2421 ἡλωκώς,
1656 2357 1914 2420 δησάντων

78 2441 241 2494 αὐτὸν
268 2446 315 2492 οἱ
342 2443 523 2494 ἕνδεκα
556 2448 645 2492 καὶ
684 2444 997 2513 εἰσαγόντων
1036 2442 1199 2494 αὐτὸν
1241 2448 1310 2500 εἰς
1349 2444 1439 2504 τὴν
1481 2440 1714 2503 ἡλιαίαν,
1754 2463 1911 2502 κατη*

76 2531 285 2597 γορείτω
313 2527 363 2577 δὲ
390 2522 417 2576 ὃ
444 2525 759 2592 βουλόμενος
786 2525 859 2584 οἷς
887 2529 1103 2586 ἔξεστιν·
1131 2526 1222 2576 ἐὰν
1249 2527 1293 2576 δ’
1320 2523 1445 2593 ἁλῷ,
1473 2526 1661 2591 τιμάτω
1692 2522 1716 2585 ἦ
1743 2521 1912 2587 ἡλιαία

77 2608 107 2661 ὅ
132 2632 177 2660 τι
195 2610 297 2677 χρὴ
328 2615 516 2660 παθεῖν
542 2608 705 2660 αὐτὸν
733 2608 762 2670 ἢ
788 2609 1023 2660 ἀποτῖσαι
1042 2627 1051 2637 ·
1091 2610 1183 2661 ἐὰν
1210 2611 1256 2659 δ’
1284 2609 1531 2680 ἀργυρίου
1569 2609 1787 2674 τιμηθῇ,
1829 2609 1910 2658 δε-

78 2695 241 2745 δέσθω
269 2700 355 2752 ἕως
382 2692 449 2744 ἂν
476 2698 664 2760 ἐκτίσῃ.

435 2781 567 2842 (Lex
593 2781 788 2832 Solonis
814 2781 946 2848 apud
972 2782 1230 2832 Demosth.
1257 2781 1307 2830 in
1332 2780 1596 2830 Timocrat.
1624 2778 1768 2840 733.)

920 2902 1071 2951 1160.

217 2995 267 3047 Si
294 2998 400 3064 quis
427 2997 667 3048 abductus
695 2997 867 3061 fuerit,
908 3000 1162 3049 convictus
1203 2997 1360 3047 malae
1399 2998 1701 3048 tractationis
1734 3014 1909 3066 parem

74 3086 205 3145 tum,
242 3082 561 3132 undecimviri
590 3099 700 3132 eum
733 3083 987 3133 vinciunto
1015 3090 1063 3131 et
1091 3098 1201 3131 eum
1227 3082 1278 3130 in
1305 3079 1560 3131 Heliaeam
1588 3082 1907 3132 introducun=

73 3172 152 3228 to;
191 3173 386 3215 accuset
412 3173 577 3216 autem
604 3181 663 3215 ex
691 3165 747 3215 iis
775 3167 855 3231 qui
882 3167 1075 3229 integra
1102 3165 1300 3214 civitate
1329 3164 1585 3229 fruuntur,
1628 3166 1906 3233 quicunque

75 3247 296 3297 voluerit.
346 3249 622 3299 Damnatus
650 3249 688 3297 si
716 3249 799 3311 sit,
827 3250 1047 3299 aestimet
1074 3246 1297 3309 Heliaea,
1326 3246 1441 3313 quid
1469 3266 1579 3299 eum
1605 3250 1734 3299 luere
1763 3268 1906 3316 opor-

74 3337 175 3379 teat
202 3339 285 3380 aut
310 3333 517 3382 solvere.
570 3332 621 3380 Si
649 3332 933 3398 pecuniaria
957 3330 1141 3381 mulcta
1171 3332 1214 3380 ei
1241 3331 1373 3380 dicta
1411 3332 1583 3395 fuerit,
1626 3333 1675 3382 in
1701 3331 1907 3382 vinculis

74 3419 323 3477 teneatur,
363 3415 518 3466 donec
544 3415 756 3465 solverit.
