2114 3642
106 216 221 265 630⁴
510 226 917 265 coMMENTAnws
942 223 1012 255 AD
1045 218 1146 255 1498.
1178 217 1281 255 1499.
1312 219 1415 255 1501.
1446 217 1550 254 1502.

877 368 978 422 Ad
1004 369 1193 423 1498.

250 487 324 538 Cf.
352 487 533 537 Lexica
560 484 761 549 Seguer.
803 499 850 547 p.
879 480 996 528 219.

249 572 307 620 In
325 571 436 636 jure
462 570 686 617 Romano
715 564 901 630 emptio
929 569 979 612 et
1004 563 1226 612 venditio
1255 564 1588 626 contrahitur,
1618 584 1727 616 cum
1755 566 1813 615 de
1842 584 1952 632 pre-

108 656 174 705 tio
210 651 521 711 convenerit,
562 649 789 714 quamvis
827 647 1051 696 nondum
1078 648 1287 712 pretium
1326 656 1635 698 numeratum
1675 651 1761 708 sit,
1795 667 1852 699 ac
1889 667 1952 697 ne

108 738 254 788 arrha
281 735 479 801 quidem
505 733 621 782 data
646 732 821 782 fuerit:
861 748 977 780 nam
1004 732 1137 797 quod
1164 732 1338 782 arrhae
1365 733 1564 782 nomine
1601 734 1769 794 datur,
1809 750 1953 797 argu-

107 827 329 871 mentum
368 824 442 867 est
482 815 744 883 emptionis
773 821 821 864 et
846 814 1146 864 venditionis
1175 822 1468 867 contractae.
1524 817 1599 878 (Gr
1613 834 1642 866 a
1649 816 1699 883 ji
1739 816 1954 866 Instit.

107 902 366 964 111’139')
876 968 977 1022 Ad
1009 969 1199 1022 1499.

253 1082 478 1132 Platonis
504 1081 642 1145 leges
670 1079 791 1129 haec
818 1086 1041 1129 statuunt
1068 1079 1269 1141 (916.):
1311 1081 1349 1129 si
1377 1081 1485 1145 quis
1513 1082 1813 1148 mancipium
1840 1099 1956 1132 ven·

108 1167 231 1218 didit
255 1164 617 1216 tabelaborans
644 1163 725 1212 vel
753 1163 942 1212 calculo
969 1163 1050 1211 vel
1077 1164 1361 1227 stranguria
1386 1165 1465 1213 vel
1491 1165 1663 1215 morbo
1694 1182 1850 1228 sacro,
1879 1167 1959 1215 vel

107 1252 204 1300 alio
232 1249 468 1315 quopiam
494 1248 744 1313 plerisque
772 1246 967 1295 occulto
996 1247 1217 1312 corporis
1232 1248 1310 1296 vel
1326 1249 1504 1297 mentis
1528 1249 1702 1298 morbo
1730 1248 1958 1298 diuturno

108 1342 158 1384 et
183 1334 245 1384 ad
284 1332 564 1383 sanandum
603 1331 818 1392 difficili,
860 1331 900 1379 si
939 1330 1131 1380 medico
1170 1332 1394 1381 vendidit
1434 1333 1515 1381 vel
1553 1334 1960 1383 exercitationum

108 1417 371 1482 magistro,
411 1414 546 1463 nulla
573 1415 616 1463 ei
645 1431 766 1478 erga
794 1413 925 1463 hunc
952 1414 1216 1463 redhibitio
1261 1423 1380 1464 esto.
1434 1415 1485 1464 Si
1514 1433 1634 1465 vero
1663 1418 1779 1466 artis
1806 1418 1959 1483 impe-

108 1501 202 1550 rito
229 1499 416 1566 peritus
444 1497 619 1563 aliquis
645 1497 871 1547 vendidit
903 1497 1182 1563 hujusmodi
1222 1498 1460 1563 aliquem,
1502 1508 1695 1567 emptor
1720 1502 1849 1549 intra
1875 1518 1961 1550 sex

109 1599 303 1634 menses
329 1582 614 1642 redhibeto,
656 1587 862 1646 excepto
889 1582 1064 1630 morbo
1091 1598 1258 1644 sacro;
1298 1581 1440 1647 hujus
1468 1600 1586 1632 vero
1619 1584 1779 1633 morbi
1808 1583 1960 1634 redhi-

109 1667 231 1717 bitio
258 1668 388 1716 intra
415 1682 601 1714 annum
627 1680 863 1714 concessa
889 1671 1010 1714 esto.

251 1761 397 1828 Apud
435 1761 689 1812 Romanos
727 1761 951 1811 vendens
990 1761 1236 1827 spondere
1290 1762 1506 1812 debebat
1557 1780 1659 1812 rem
1709 1764 1961 1814 venditam

110 1847 246 1897 nullo
274 1846 393 1895 vitio
418 1847 661 1896 laborare.
715 1845 927 1912 Sponsio
955 1846 1079 1896 haec
1105 1853 1269 1896 autem
1297 1847 1446 1897 fiebat
1472 1865 1563 1914 per
1591 1856 1748 1899 certas
1776 1849 1958 1899 formu-

109 1931 206 1991 las,
245 1947 451 1995 quarum
477 1929 662 1994 aliquot
694 1929 894 1978 exhibet
929 1929 1162 1978 Varro:
1201 1932 1288 1979 De
1328 1949 1389 1980 re
1431 1939 1581 1981 rust.
1624 1934 1685 1982 ΙΙ.
1736 1934 1963 2000 Exempli

113 2031 284 2064 causa:
324 2014 487 2063 Illas
528 2029 762 2078 capras
801 2012 990 2063 hodie
1030 2021 1209 2063 recte
1250 2031 1388 2063 esse
1418 2016 1732 2065 etbibere
1771 2034 1963 2081 posse

112 2099 486 2162 habereque
524 2103 705 2146 recte
744 2096 982 2157 licere,
1022 2098 1180 2149 haec
1219 2099 1630 2165 spondesne‘?
1656 2138 1666 2150 .
1697 2138 1706 2149 .
1735 2139 1744 2149 .
1773 2139 1782 2150 .
1811 2100 1961 2150 Illa-

114 2197 219 2231 sce
258 2198 410 2230 sues
448 2197 640 2229 sanas
681 2196 822 2230 esse
861 2179 1237 2247 habereque
1278 2190 1454 2233 recte
1493 2184 1701 2232 licere
1733 2201 1960 2233 noxas-

116 2282 232 2331 que
294 2265 668 2330 praestari,
739 2281 948 2330 neque
1012 2266 1084 2315 de
1148 2284 1387 2331 pecore
1452 2268 1754 2317 morboso
1820 2285 1961 2317 esse

116 2347 649 2415 spondesneP...

888 2418 990 2471 Ad
1028 2419 1203 2472 1501.

258 2525 333 2576 Ex
372 2525 468 2574 hoc
500 2526 613 2591 jure
654 2527 759 2575 sine
799 2526 949 2576 dubio
990 2527 1246 2577 descendit
1287 2529 1432 2589 illud,
1474 2530 1605 2594 quod
1646 2529 1960 2579 observatum

122 2609 272 2657 fuisse
298 2609 430 2674 apud
457 2609 710 2660 Romanos
736 2610 951 2677 ,legimns
989 2611 1040 2658 in
1067 2611 1330 2661 Pandectis
1371 2613 1522 2672 (Tit.
1564 2614 1635 2663 de
1676 2615 1864 2663 evict.
1905 2623 1964 2663 et

121 2690 286 2756 dupl.
314 2692 579 2758 stipul.).
621 2692 859 2743 Solebant
887 2694 1017 2743 enim
1046 2702 1320 2760 emptores,
1355 2696 1392 2744 si
1421 2696 1479 2745 de
1508 2698 1655 2746 rebus
1683 2714 1803 2762 quas
1832 2715 1960 2746 eme-

121 2781 229 2822 rent
265 2783 580 2825 moverentur
619 2778 1017 2839 controversiae,
1058 2785 1281 2828 auctores
1310 2797 1424 2828 suos
1451 2780 1677 2840 laudare,
1718 2788 1772 2828 ut
1798 2780 1964 2830 litibus

122 2855 441 2907 subsisterent
456 2866 504 2908 et
524 2859 861 2911 defensionem
887 2861 1211 2927 susciperent,
1239 2879 1365 2928 quae
1391 2863 1795 2913 denunciationes
1823 2881 1962 2930 prae-

123 2939 344 2989 sentibus
382 2944 698 3005 auctoribus,
750 2945 799 2994 id
839 2951 912 2995 est
949 2945 1291 2994 venditoribus
1331 2955 1378 2996 et
1412 2947 1462 2996 in
1493 2948 1604 3012 jure
1646 2948 1833 2997 fiebant
1869 2947 1963 2995 hoc

124 3021 297 3071 modo:
338 3026 566 3087 „quando
593 3034 640 3077 te
666 3027 715 3076 in
734 3029 846 3094 jure
872 3028 1153 3094 conspiciO,
1193 3031 1389 3094 postulo
1430 3037 1601 3080 auctor
1630 3032 1766 3080 fias.“
1819 3030 1959 3079 Dice-

124 3105 401 3170 banturque
428 3110 644 3161 actiones
670 3112 718 3161 in
747 3118 969 3162 auctores
995 3120 1295 3179 praesentes.

886 3262 986 3316 Ad
1010 3265 1198 3317 1502.

271 3366 443 3430 „Hanc
457 3367 647 3417 Solonis
674 3371 835 3434 legem
860 3375 921 3424 ad
949 3376 1150 3424 anulum
1177 3377 1498 3439 signatorium
1525 3377 1785 3441 pertinere,
1815 3394 1958 3425 nemo
