2161 3673
914 247 1111 284 οοΝοῐσ.
1860 230 1920 282 31

963 377 1075 426 119.

239 460 364 511 Sunt
390 462 536 511 etiam
573 460 989 510 extraordinariae
1029 462 1316 520 conciones,
1359 477 1482 525 quae
1511 460 1741 524 exigente
1770 477 1927 508 rerum

98 547 384 596 necessitate
411 551 758 594 convocantur.
812 542 1088 592 Conciones
1127 544 1278 608 igitur
1303 544 1550 608 legitimae
1579 551 1627 592 et
1654 550 1779 592 stato
1805 551 1925 592 tem-

99 647 216 696 pore
242 629 411 679 haberi
437 628 606 677 solitae
632 632 873 675 vocantur
900 644 931 690 p
949 626 1087 673 rinc
1105 627 1119 673 i
1135 645 1166 691 p
1182 628 1281 675 ale
1298 643 1347 690 s;
1375 634 1544 676 contra
1571 643 1696 691 quae
1724 633 1927 691 propter

98 712 332 761 instantia
356 710 555 774 negotia
581 716 849 773 coguntur,
889 725 914 755 c
931 725 1005 755 on
1020 727 1051 756 v
1067 725 1094 755 o
1110 725 1135 756 c
1150 716 1212 757 at
1228 726 1256 757 a
1271 727 1311 759 e.

960 803 1071 851 120.

230 883 619 945 Ἐκκλησιάζειν
645 890 701 934 ἐν
728 884 786 948 τῇ
817 889 1012 936 ΙΙνυκὶ.
1233 887 1433 947 (Pollux
1461 887 1596 948 VIII,
1626 887 1784 948 132).

958 983 1072 1032 120.

182 1095 185 1098 <
241 1068 298 1117 In
326 1067 495 1133 Pnyce
523 1067 783 1116 conciones
810 1065 1099 1115 habeantur.

955 1162 1068 1209 121.

243 1240 317 1290 Τοὶ
338 1245 434 1307 μὲν
459 1238 589 1293 ἄλλα
615 1248 670 1292 ἐν
696 1242 767 1307 τῷ
796 1239 1121 1304 Διονυσιακῴ
1152 1237 1353 1306 θεάτρῳ
1372 1243 1731 1305 χρηματίζειν,
1759 1242 1924 1308 μόνας

99 1324 148 1375 δὲ
174 1323 261 1381 τὰς
287 1324 604 1391 ἀρχαιρεσίας
629 1331 684 1375 ἐν
709 1325 767 1388 τῇ
796 1328 991 1376 Πνυκὶ.
1231 1326 1433 1385 (Pollux
1461 1327 1595 1390 VIII,
1626 1328 1784 1389 133.).

955 1421 1070 1470 121.

237 1493 376 1545 Aliae
405 1495 664 1544 conciones
691 1495 743 1543 in
770 1493 950 1543 Bacchi
988 1493 1182 1542 theatro
1223 1502 1613 1558 congregentur3
1651 1494 1780 1544 solae
1808 1512 1925 1544 vero

95 1577 230 1640 illae,
259 1595 383 1642 quae
409 1578 471 1627 ad
497 1579 873 1642 magistratuum
900 1576 1173 1626 creationes
1202 1578 1350 1638 fiunt,
1391 1578 1443 1625 in
1469 1577 1654 1643 Pnyce.

956 1672 1075 1720 122.

240 1751 372 1809 Τοῦς
411 1751 674 1819 πρυτάνεις
712 1760 876 1803 ποιεῖν
914 1755 1194 1812 ἐκκλησίαν
1230 1757 1285 1802 ἐν
1311 1752 1569 1802 Διονύσου
1595 1755 1654 1818 τῇ
1682 1750 1923 1821 ὑστεραίᾳ

94 1836 195 1886 τῶν
224 1836 498 1886 Πανδίων·
538 1842 593 1887 ἐν
621 1837 669 1888 δὲ
698 1836 854 1900 ταύτῃ
885 1839 1218 1901 χρηματίζειν
1258 1835 1458 1901 πρῶτον
1486 1840 1585 1900 μὲν
1613 1843 1720 1903 περὶ
1749 1839 1923 1904 ἱερῶν,

96 1922 263 1969 ἔπειτα
301 1919 388 1977 τάς
414 1919 668 1987 προβολάς
707 1919 1122 1985 παραδιδότωσαν
1160 1918 1247 1976 τάς
1286 1924 1614 1988 γεγενημένας
1651 1927 1800 1971 ἕνεκα
1841 1923 1923 1982 τῆς

99 2005 292 2070 πομπῆς
320 2003 350 2065 ἢ
373 2004 477 2053 τῶν
504 2002 717 2073 ἀγώνων
743 2004 844 2053 τῶν
882 2009 937 2053 ἐν
966 2012 1067 2061 τοῖς
1095 2008 1411 2062 Διονυσίοις,
1454 2003 1567 2054 ὅσαι
1595 2002 1663 2054 ἆῘν
1683 2005 1753 2069 μή
1781 2013 1924 2055 ἐκτε-

96 2093 317 2153 τισμέναι
347 2083 481 2138 ὦσιν.
1000 2090 1279 2152 (Demosth.
1307 2092 1358 2139 in
1386 2090 1598 2141 Midiam.
1628 2092 1783 2153 517.).

951 2187 1064 2237 122.

238 2270 481 2335 Prytanes
534 2271 818 2320 concionem
871 2270 1088 2320 habento
1138 2271 1190 2321 in
1239 2272 1425 2338 templo
1464 2271 1643 2321 Bacchi
1689 2273 1922 2337 postridie

96 2352 297 2402 Pandia.
349 2354 408 2403 In
447 2371 504 2403 ea
543 2371 659 2403 vero
696 2355 906 2421 primum
945 2355 1005 2404 de
1045 2355 1193 2403 sacris
1230 2364 1440 2419 agunto,
1482 2363 1591 2421 post
1625 2355 1684 2403 de
1712 2355 1921 2420 querelis

98 2452 307 2502 pompae
346 2441 495 2486 causa
535 2437 674 2487 factis
714 2445 798 2486 aut
837 2446 1038 2505 propter
1076 2439 1214 2487 ludos
1265 2439 1314 2487 in
1352 2439 1743 2501 Bachanalibus,
1798 2458 1922 2504 quae

94 2519 354 2569 mulctatae
382 2537 482 2569 non
509 2521 705 2571 fuerint.

233 2659 327 2711 Ἐν
354 2660 404 2710 δὲ
429 2659 586 2725 ταύτῃ
611 2661 670 2726 τῇ
697 2667 941 2727 ἐκκλησίᾳ
973 2665 1340 2728 χρηματίζουσι
1366 2667 1455 2711 καὶ
1484 2668 1530 2712 οἱ
1558 2663 1787 2730 πρόεδροι
1814 2670 1921 2731 περὶ

94 2738 165 2793 ὦν
192 2744 441 2805 διώκηκεν
468 2739 495 2794 ὁ
526 2740 713 2810 ἄρχων.
1315 2751 1593 2809 (Demosth.
1620 2752 1775 2813 ibid.).

235 2903 295 2953 In
332 2902 422 2952 hac
460 2904 700 2954 concione
740 2912 903 2955 autem
942 2913 1153 2956 tractant
1190 2904 1384 2971 proedri
1411 2906 1558 2955 etiam
1584 2906 1644 2956 de
1670 2909 1754 2969 iis,
1795 2924 1919 2972 quae

90 2985 271 3036 archon
297 2987 671 3038 administravit.

955 3062 977 3109 1
988 3062 1066 3110 24.

235 3139 548 3205 Πρόπεμπτά
584 3146 685 3190 ἐστι
723 3139 781 3190 τὸ
820 3141 915 3206 πρὸ
954 3147 1095 3190 πέντε
1136 3136 1331 3204 ἦμερῶν
1369 3142 1452 3202 τῆς
1492 3146 1763 3202 ἐκκλησίας
1790 3163 1916 3206 προ-

89 3220 332 3289 γράφειν,
373 3222 451 3273 ὅτι
491 3227 626 3273 ἔσται
663 3229 921 3284 ἐκκλησία.
974 3227 1040 3272 Εἰ
1075 3223 1151 3272 δεῖ
1182 3228 1459 3284 ἐκκλησίαν
1483 3231 1720 3294 γενέσθαι
1748 3228 1806 3290 τῇ
1836 3226 1915 3275 δε·-

89 3304 251 3368 κάτῃ,
290 3313 717 3376 προγραφέτωσαν
744 3310 789 3357 οἱ
818 3308 1081 3373 πρυτάνεις
1120 3306 1220 3356 ἀπὸ
1263 3307 1347 3368 τῆς
1374 3313 1618 3373 πέμπτης,
1659 3309 1734 3359 ὅτι
1765 3313 1913 3362 ἔσται.

910 3393 1136 3453 (Bekker
1163 3393 1346 3445 Anecd.
1374 3413 1445 3458 gr.
1473 3397 1508 3445 I.
1536 3416 1582 3462 p.
1611 3397 1771 3459 296.)
