2114 3642
659 222 1063 253 comminuimus
1091 221 1159 252 Au
1191 220 1270 253 23⁰.
1301 220 1379 253 232.
1412 221 1491 254 234.
1900 208 2000 253 453

161 352 249 411 ba.
289 351 366 414 qui
400 351 640 415 praelegit
668 347 896 397 mandata
925 349 1111 397 senatui
1143 356 1189 396 et
1218 351 1416 414 populo.
1471 349 1752 397 Secundum
1781 356 2000 413 tenuiora

163 434 481 493 mutabatur.)

179 511 181 515 ⁴
304 516 378 566 Cf.
406 515 745 581 Rangabe:
786 513 1065 580 Antiquites
1093 514 1422 581 Helleniques.
1463 519 1546 567 Nr.
1576 515 1690 564 273.
1720 514 1835 563 274.

941 656 1038 709 Ad
1068 657 1218 709 230.

303 768 478 817 Pollux
518 766 654 827 VIII,
693 767 785 815 98:
829 766 1246 817 Contrarotulator
1298 769 1508 833 primum
1560 769 1758 832 quidem
1812 769 1995 816 electus

161 858 286 912 erat,
326 858 497 917 postea
525 869 641 901 vero
669 858 797 901 sorte
827 852 1097 901 creabatur.

937 993 1035 1046 Ad
1067 994 1220 1046 232.

301 1104 630 1153 probabiliter
675 1111 788 1170 post
839 1104 1108 1153 debellatos
1149 1104 1323 1152 Persas
1363 1104 1584 1152 instituti.
1652 1103 1724 1152 Cf.
1769 1102 1996 1152 Grote:

158 1188 360 1253 History
388 1187 443 1236 of
465 1188 668 1237 Greece.
709 1187 816 1236 Vol.
846 1188 904 1236 V.
934 1207 978 1253 p.
1010 1188 1125 1236 371.

299 1269 640 1320 Aristotel.
675 1271 865 1319 Polit.
895 1270 981 1331 VI,
1012 1272 1056 1330 5,
1087 1271 1143 1318 3:
1185 1270 1356 1320 Altera
1383 1272 1661 1336 procuratio
1691 1272 1996 1332 (ἐπιμέλεια)

157 1361 230 1403 est
256 1370 417 1403 rerum
443 1354 739 1402 urbanarum
768 1372 917 1418 quum
943 1354 1249 1419 publicarum
1291 1362 1394 1402 tum
1436 1354 1767 1419 privatarum⁷
1809 1363 1860 1404 ut
1888 1373 1997 1404 cum

156 1437 359 1487 decente
400 1444 574 1486 ornatu
614 1436 839 1485 aedificia
880 1444 926 1484 et
966 1438 1073 1485 viae
1115 1444 1246 1486 tutae
1281 1445 1659 1498 conserventur,
1702 1446 1748 1487 et
1782 1438 1995 1505 collapsa

157 1521 463 1581 reficiantur,
505 1528 551 1569 et
589 1521 766 1569 limites
806 1537 1090 1570 communes
1130 1521 1234 1570 sine
1276 1521 1579 1586 querimonia
1620 1529 1907 1583 teneantur,
1950 1530 1997 1570 et

156 1613 321 1654 cetera
360 1621 484 1669 quae
525 1604 730 1653 similem
771 1622 938 1654 curam
966 1605 1227 1669 attingunt.
1281 1605 1551 1671 Appellant
1579 1613 1742 1655 autem
1771 1607 1993 1672 plerique

155 1691 303 1739 talem
340 1690 686 1754 magistratum
724 1691 1078 1756 astynomiam,
1120 1707 1243 1754 quae
1285 1691 1450 1755 plures
1490 1709 1693 1739 numero
1722 1698 1886 1756 partes
1913 1691 1995 1739 ha-

155 1774 263 1823 bet:
315 1781 460 1838 atque
500 1773 673 1821 harum
712 1773 816 1821 aliis
857 1774 975 1821 alios
1015 1776 1066 1822 in
1105 1774 1310 1822 urbibus
1352 1775 1545 1838 magnis
1586 1775 1905 1839 praeficiunt,
1945 1782 1997 1822 ut

156 1857 396 1922 quosdam
424 1855 651 1905 curandis
679 1857 961 1917 moenibus,
1000 1857 1119 1905 alios
1147 1856 1366 1906 fontibus
1395 1865 1442 1905 et
1472 1857 1699 1906 ductibus
1728 1875 1991 1923 aquarum,

155 1939 416 1989 nonnullos
444 1940 682 2005 portubus
710 1939 915 1988 tuendis

297 2021 374 2072 Ad
400 2030 684 2089 astynomos
711 2023 859 2086 igitur
886 2031 999 2071 sunt
1036 2023 1283 2071 referendi
1326 2024 1471 2072 etiam
1499 2016 1764 2080 ὁδοποιοὶ,
1805 2025 1861 2074 de
1892 2027 1993 2090 qui-

154 2109 244 2157 bus
284 2106 435 2155 schol.
474 2105 523 2153 in
563 2105 793 2155 Aesohin.
833 2105 1138 2171 Ctesiphont.
1179 2106 1304 2166 (25)
1347 2107 1490 2155 dicit:
1532 2107 1579 2153 οἱ
1607 2105 1990 2169 ἐπιμελούμενοι

153 2189 239 2247 τῆς
264 2186 617 2251 καθαρότητος
643 2185 745 2234 τῶν
773 2181 923 2235 ὁδῶν.
977 2189 1166 2238 Deinde
1195 2182 1421 2251 ὁρισταὶ,
1464 2191 1522 2239 de
1565 2192 1740 2256 quibus
1784 2193 1992 2255 legimus

153 2275 202 2322 in
242 2273 492 2323 anechtis
529 2272 721 2336 graecis
762 2272 971 2322 Bekkeri
1012 2274 1076 2333 (Ι.
1116 2292 1162 2339 p.
1193 2274 1347 2334 287J:
1403 2269 1530 2336 ἀρχή
1570 2276 1643 2328 τίς
1684 2278 1847 2331 ἐστιν,
1891 2272 1992 2333 ἥτις

155 2353 374 2423 ἀφώριζε
411 2351 472 2402 τά
515 2353 619 2402 ἴδια
659 2357 748 2401 καὶ
790 2351 849 2401 τά
891 2352 1101 2417 δημόσια
1142 2354 1531 2419 οἰκοδομήματα
1571 2355 1692 2420 πρὸς
1727 2355 1786 2405 τά
1826 2361 1993 2406 οἰκεῖα

155 2436 372 2487 ἑκάστου
393 2442 577 2503 μέτρα,
607 2434 757 2502 ιῖἰςῑϊέρ
785 2458 912 2494 τινες
939 2434 1079 2495 ὄντες
1106 2443 1378 2506 γεωμέτραι
1405 2443 1494 2488 καὶ
1523 2435 1846 2504 ὅριοδεῖκται.
1896 2445 1990 2493 De-

153 2525 299 2589 nique
339 2524 433 2574 huc
469 2524 662 2574 videtur
701 2525 995 2591 pertinuisse
1037 2526 1184 2574 ctiam
1223 2523 1642 2586 κρυινοφυλάκωιι
1680 2523 1839 2589 ἀρχή,
1884 2529 1990 2577 fon-

154 2608 270 2657 tium
297 2615 576 2658 curatorum
602 2625 799 2671 munus,
842 2610 980 2675 cujus
1007 2610 1229 2658 meminit
1256 2609 1430 2659 Pollux
1459 2611 1595 2672 VIII,
1628 2611 1739 2659 113.

295 2690 442 2758 Apud
469 2691 890 2742 Lacedaemonios
919 2692 978 2741 de
1005 2692 1096 2742 viis
1123 2693 1332 2759 publicis
1361 2709 1500 2758 reges
1522 2693 1825 2758 judicabant.
1855 2696 1930 2757 (Η
1941 2713 1988 2746 e-

153 2776 358 2826 rodot.
389 2776 475 2838 VI,
507 2774 586 2838 57,
617 2777 689 2836 5.)
930 2844 1029 2897 Ad
1058 2845 1193 2898 234

296 2956 433 3005 Haec
458 2957 536 3005 lex
564 2956 759 3006 videtur
784 2965 942 3007 aetate
986 2956 1173 3007 mediae
1213 2957 1495 3006 comoediae
1531 2957 1629 3006 lata
1656 2958 1834 3023 fuisse3
1875 2979 1986 3010 nam

152 3040 202 3087 in
228 3039 464 3088 Timoolis
492 3039 741 3090 comoedia
766 3037 1130 3100 φιλοδικαστὴς
1169 3040 1404 3105 inscripta
1442 3041 1621 3104 legitur
1660 3044 1789 3109 apud
1831 3042 1982 3093 Athe-

153 3139 330 3171 naeum
357 3123 470 3184 (VL
499 3124 653 3184 2453:
694 3121 890 3190 Aperite
924 3127 1027 3191 jam
1062 3125 1216 3184 fores,
1255 3131 1307 3171 ut
1333 3122 1393 3171 ad
1422 3123 1579 3173 lucem
1607 3128 1762 3190 magis
1790 3129 1981 3193 conspi-

153 3206 227 3253 cui
262 3205 435 3268 simus‚
474 3208 512 3255 si
552 3207 838 3256 circumiens
878 3225 1280 3273 gynaeconomus
1321 3224 1580 3258 numerare
1624 3211 1730 3258 vult
1768 3229 1982 3262 sccun-

154 3287 290 3336 dum
328 3306 562 3338 novam
600 3291 804 3355 legem
856 3286 1111 3353 (ἀριιῆιιὸν
1163 3288 1339 3351 λαβεῖν
1385 3286 1518 3337 κατα
1559 3289 1651 3339 τὸν
1688 3291 1851 3356 νόμον
1889 3292 1983 3343 τὸν

153 3371 381 3433 καινόν),
421 3380 473 3422 ut
498 3373 644 3434 solet,
685 3374 1017 3424 convivantes.
