2114 3642
697 217 1105 248 COMMENTARNJS
1136 216 1201 246 AD
1235 215 1333 249 1136,
1368 214 1468 248 1137.
1894 203 1990 249 565

926 352 1025 405 Ad
1050 353 1225 405 1136.

295 473 499 523 Suidas:
531 467 782 531 ςΥποφό
802 492 854 519 ι’(
874 492 905 519 α
943 471 1003 520 τά
1044 475 1123 520 ἐπὶ
1163 470 1310 535 φόνῳ
1354 471 1593 535 διδόμενα
1624 471 1864 536 χρήματα
1892 481 1995 528 τοῖς

150 558 364 609 οἰκείοις
391 554 484 602 τοὺ
515 558 859 615 φονευθέντος
877 593 888 611 ,
927 558 1013 602 ἵνα
1035 553 1105 618 μὴ
1148 558 1420 613 {argaman
1466 559 1710 617 (Pecunia
1736 575 1860 622 quae
1888 575 1992 607 cae-

153 641 228 689 dis
256 657 405 689 causa
431 639 641 688 dabatur
667 656 695 686 a
726 637 885 688 caedis
912 657 996 689 reo
1037 640 1329 706 propinguis
1370 640 1616 701 defuncti,
1656 659 1717 690 ne
1746 658 1856 689 eum
1884 659 1992 707 per-

148 723 516 788 sequerentur.)

923 803 1022 856 Ad
1047 803 1224 856 1137.

293 924 578 974 Secundum
604 925 826 973 Platonis
854 925 1016 988 Leges
1044 925 1187 985 (865,
1218 925 1407 985 A—D)
1447 927 1484 974 si
1514 927 1619 991 quis
1646 928 1695 975 in
1725 929 1989 977 certamine

151 1017 199 1057 et
225 1008 436 1074 publicis
464 1008 864 1058 contentionibus
891 1008 1073 1057 invitus
1089 1008 1168 1057 vel
1195 1008 1360 1056 statim
1387 1009 1466 1057 vel
1494 1010 1845 1073 posterioribus
1873 1019 1989 1059 ten]-

147 1091 350 1157 poribus
377 1109 465 1158 per
491 1093 699 1140 vulnera
724 1091 910 1140 inflicta
936 1091 1115 1139 occidit
1142 1091 1390 1139 hominem
1418 1092 1649 1151 amicum,
1678 1092 1754 1142 vel
1781 1094 1831 1141 in
1857 1094 1991 1143 bello

149 1175 324 1224 eodem
361 1175 508 1225 modo
548 1175 625 1223 vel
652 1175 701 1223 in
730 1174 1048 1223 meditatione
1074 1173 1218 1233 belli,
1260 1174 1662 1224 exercitationem
1696 1177 1989 1226 instituenti-

147 1257 240 1306 bus
267 1257 661 1322 magistratibus,
698 1257 842 1306 nudis
882 1257 1174 1323 corporibus
1202 1258 1281 1305 vel
1307 1258 1454 1306 armis
1484 1257 1773 1322 quibusdam
1798 1260 1987 1309 imitan-

146 1340 276 1389 tibus
302 1341 528 1391 bellicam
556 1341 828 1400 actionem,
857 1358 1008 1405 purus
1036 1347 1156 1389 esto.
1184 1369 1250 1373 ——
1278 1339 1327 1389 Si
1357 1341 1462 1405 quis
1490 1349 1652 1391 autem
1679 1342 1861 1393 invitus
1888 1361 1986 1393 ser-

147 1441 262 1472 vum
290 1424 481 1485 occidit,
498 1442 639 1473 suum
663 1423 971 1472 interfecisse
999 1429 1194 1488 putans,
1217 1423 1396 1472 mortui
1425 1423 1677 1472 dominum
1704 1425 1986 1476 indemnem

145 1514 392 1573 praestato
437 1515 485 1555 et
515 1507 741 1572 jacturae
782 1513 1064 1571 expertem,
1106 1513 1190 1554 aut
1228 1523 1438 1571 poenam
1478 1525 1567 1573 pro
1607 1509 1786 1557 mortui
1826 1511 1984 1575 pretio

144 1590 345 1657 pendito
371 1590 598 1655 duplam,
641 1589 785 1655 pretii
813 1606 931 1637 vero
952 1588 1142 1655 judices
1171 1589 1560 1638 aestimationem
1588 1591 1833 1655 faciunt03
1873 1612 1985 1659 pur-

142 1674 425 1737 gationibus
452 1681 616 1722 autem
645 1680 809 1720 utatur
835 1672 1105 1738 majoribus
1133 1672 1481 1738 pluribusque,
1523 1691 1671 1738 quam
1698 1676 1779 1739 qui
1806 1676 1856 1724 in
1883 1694 1982 1725 cer-

141 1757 405 1806 taminibus
430 1759 808 1815 interfecerunt,
849 1765 992 1822 atque
1034 1756 1208 1805 harum
1242 1757 1496 1805 arbitrium
1524 1758 1585 1805 sit
1611 1775 1763 1823 penes
1791 1760 1982 1825 religio-

142 1858 260 1888 num
285 1842 580 1906 interpretes
609 1840 907 1905 (ἐξηγηταί).
961 1837 1047 1887 Sin
1074 1856 1216 1887 suum
1241 1840 1394 1904 ipsius
1421 1857 1618 1888 servum
1645 1841 1828 1892 invitus
1856 1845 1981 1893 occi-

140 1923 235 1984 dit,
264 1931 502 1990 purgatus
529 1923 692 1972 caedis
720 1924 991 1972 absolvitor
1019 1942 1043 1972 e
1071 1923 1192 1987 lege.
1240 1922 1337 1972 Sed
1364 1924 1403 1971 si
1431 1924 1538 1988 quis
1564 1923 1775 1974 liberum
1801 1927 1982 1976 invitus

139 2005 344 2067 occidit,
384 2006 762 2072 purgationibus
790 2007 938 2055 utitor
964 2005 1139 2054 iisdem
1166 2012 1313 2070 atque
1341 2007 1467 2054 servi
1495 2007 1797 2058 interfector,

281 2100 425 2162 (866,
455 2099 664 2164 A-n-D.)
703 2099 753 2150 Si
794 2096 915 2165 quis*
940 2100 1051 2149 huic
1089 2100 1187 2164 legi
1228 2100 1402 2148 volens
1436 2101 1747 2166 obsequitur,
1788 2111 1980 2154 mortuo

138 2183 391 2248 proximus
415 2185 708 2249 cognatione
733 2185 926 2233 veniam
955 2185 997 2232 ei
1026 2184 1162 2245 dato,
1191 2184 1265 2231 sin
1292 2191 1457 2232 autem
1487 2184 1776 2250 obsequium
1804 2187 1979 2254 aliquis

138 2275 331 2315 recusat
357 2275 405 2315 et
431 2268 643 2333 primum
682 2286 793 2317 cum
832 2276 1070 2333 purgatus
1106 2285 1206 2316 non
1247 2268 1332 2327 sit,
1372 2269 1558 2335 templa
1596 2269 1731 2318 adire
1758 2269 1905 2319 audet
1931 2280 1979 2319 et

136 2349 440 2411 sacrificare,
481 2350 658 2400 deinde
698 2359 920 2417 tempora
958 2351 1263 2416 praescripta
1304 2352 1418 2400 exul
1445 2354 1693 2418 complere
1721 2369 1819 2401 non
1847 2354 1978 2413 vult,

136 2439 327 2481 mortuo
355 2435 606 2499 proximus
633 2435 927 2499 cognatione
969 2434 1133 2484 caedis
1166 2441 1396 2483 accusato
1423 2435 1820 2497 interfectorem,
1860 2455 1974 2486 con-

136 2515 422 2565 demnatum
460 2524 624 2565 autem
663 2517 842 2583 duplae
886 2526 1154 2582 sequuntor
1180 2535 1370 2583 poenae
1400 2534 1583 2567 omnes.
1637 2518 1687 2567 Si
1716 2537 1833 2568 vero
1862 2540 1972 2587 pro-

137 2599 295 2648 ximus
322 2601 518 2664 cognati
546 2600 747 2649 caedem
775 2618 873 2649 non
900 2601 1232 2666 persequitur,
1274 2602 1354 2665 qui
1390 2602 1523 2650 volet
1551 2602 1598 2649 in
1617 2602 1860 2667 judicium
1889 2624 1971 2654 vo-

136 2691 299 2732 catum
328 2684 541 2748 quinque
570 2701 726 2733 annos
749 2685 909 2749 patria
925 2701 1088 2733 carere
1111 2685 1274 2750 cogito
1303 2702 1326 2732 e
1355 2685 1480 2748 lege.
1534 2684 1583 2734 Si
1613 2703 1729 2735 vero
1755 2691 1971 2753 peregri-

137 2784 228 2815 nus
243 2767 425 2815 invitus
441 2767 755 2831 peregrinum
774 2768 951 2817 occidit
967 2785 1147 2826 eorum,
1173 2770 1252 2833 qui
1267 2770 1317 2818 in
1333 2770 1529 2818 civitate
1547 2778 1672 2829 sunt,
1688 2789 1824 2821 rcum
1839 2774 1973 2836 agito

134 2850 217 2914 qui
235 2849 554 2898 voletiisdem
577 2851 782 2913 legibuS,
812 2852 909 2900 etsi
926 2851 1192 2916 inquilinus
1221 2861 1307 2913 est,
1336 2871 1522 2901 annum
1549 2855 1814 2917 exulato,si
1831 2876 1968 2923 pror-

134 2952 215 2983 sus
244 2942 317 2982 est
344 2934 663 2998 peregrinus,
699 2943 895 2999 praeter
922 2937 1291 2999 purgationem,
1332 2954 1417 2985 seu
1445 2937 1759 3001 peregrinum
1786 2959 1871 2989 seu
1898 2943 1968 2990 in-

134 3018 371 3081 quilinum
412 3035 498 3065 seu
525 3018 681 3066 civem
710 3018 907 3077 occidit,
949 3036 1037 3083 per
1073 3026 1222 3068 totam
1263 3021 1410 3068 vitam
1438 3021 1637 3084 regione
1666 3031 1869 3072 arcetor.
1918 3024 1968 3072 Si

132 3119 251 3149 vero
278 3100 472 3150 redierit
498 3108 668 3148 contra
694 3101 855 3165 leges,
896 3102 1061 3166 legum
1089 3103 1316 3152 custodes
1356 3100 1771 3166 (νοιιιοφύλακες)
1812 3116 1965 3156 morte

139 3201 249 3231 eum
287 3184 556 3248 puniunto,
598 3190 644 3231 et
673 3184 710 3230 si
739 3202 863 3248 quae
893 3185 1023 3233 bona
1051 3185 1286 3249 possidet,
1327 3187 1394 3243 ei,
1424 3188 1502 3252 qui
1532 3190 1692 3238 occiso
1720 3191 1965 3255 proximus

132 3274 205 3314 est
230 3268 528 3330 cognatione
556 3266 799 3315 tradunto.
854 3269 1042 3316 Invitus
1069 3276 1232 3317 autem
1259 3270 1440 3330 redux,
1482 3272 1519 3319 si
1549 3273 1668 3322 mari
1697 3273 1887 3338 ejicitur
1913 3273 1960 3320 in

131 3349 395 3412 regionem,
437 3350 754 3398 tabernaculo
789 3350 850 3397 ad
891 3367 1023 3398 marc
1062 3352 1223 3415 posito
1262 3354 1458 3417 tingens
1497 3357 1650 3421 pedes
1692 3356 1957 3419 navigandi
