2114 3642
133 255 230 303 332
846 270 926 301 ωε
952 267 1228 300 PUBLICUM.

967 394 1116 443 1293.

269 481 502 531 Placitum
531 488 603 529 est
628 479 770 529 sociis
798 478 1063 540 universis,
1103 484 1157 526 ut
1181 479 1232 527 in
1258 477 1466 544 publicis
1495 477 1710 528 omnium
1740 476 1946 527 comitiis

130 564 448 613 decernerent
486 580 740 612 commune
783 562 1014 626 deinceps
1041 561 1283 609 aerarium
1308 564 1359 610 in
1384 562 1509 611 Delo
1539 561 1945 621 constituendum,

128 665 222 711 quo
250 650 481 712 pecuniae
510 646 723 710 undique
753 653 950 694 coactae
979 661 1145 693 omnes
1173 644 1509 711 deponantur:
1541 652 1645 693 tum
1670 643 1732 693 ad
1758 645 1946 710 impen-

127 731 245 779 dens
283 730 398 777 belli
437 729 618 777 Persici
658 729 932 794 periculum
969 728 1230 791 vectigalia
1269 729 1545 777 civitatibus
1584 746 1673 793 pro
1713 727 1946 792 cujusque

126 812 350 861 facultate
377 812 643 876 imperent,
671 812 740 859 ita
772 819 825 859 ut
850 818 953 859 tota
980 818 1263 860 exactorum
1290 829 1479 860 summa
1506 811 1776 874 quingenta
1803 812 1944 874 (qua-

125 895 414 958 dringenta)
445 902 492 943 et
517 894 773 956 sexaginta
798 894 985 942 talenta
1010 895 1252 943 conficiat.

964 1001 1114 1049 1294.

270 1068 464 1120 Κοινὸν
491 1069 753 1135 συνέδριον
780 1065 1022 1118 ἁπάντων
1048 1069 1151 1118 τῶν
1177 1068 1458 1134 συμμάχων
1496 1072 1947 1138 συγκαθίστασθαι

123 1157 211 1202 καὶ
240 1152 509 1218 συνέδρους
537 1152 909 1217 ἀποδειχθῆναι
939 1153 1143 1213 ἑκάστης
1182 1152 1379 1210 πόλεως.
1434 1158 1533 1202 Καὶ
1572 1152 1628 1202 τὸ
1662 1155 1758 1217 μὲν
1799 1156 1944 1202 συνέ-

125 1237 265 1303 δριον
290 1242 345 1287 ἐν
370 1245 475 1294 ταῖς
505 1236 757 1296 Ἀθήναις
785 1236 1098 1301 συνεδρεύειν
1115 1276 1127 1296 ,
1167 1236 1317 1286 πόλιν
1345 1236 1392 1286 δὲ
1421 1239 1586 1295 ἐπίσης
1612 1240 1699 1284 καὶ
1722 1235 1948 1304 μεγάλην

121 1325 211 1369 καί
239 1319 436 1386 μικρὰν
469 1320 588 1385 μιᾶς
629 1322 809 1386 ψήφου
849 1324 1035 1386 κυρίαν
1063 1319 1219 1369 εἶναι·
1259 1319 1416 1375 πάσας
1444 1318 1487 1368 δ’
1515 1315 1763 1384 ὑπάρχειν
1789 1317 1946 1368 αὐτο-

124 1403 339 1468 νόμους,
381 1399 583 1472 ἦγεμόσι
605 1409 866 1469 χρωμένας
897 1403 1212 1464 Ἀθηναίοις.

1128 1478 1355 1539 (Diodor.
1384 1477 1530 1528 Sicul.
1559 1477 1668 1539 XV⁷
1698 1478 1804 1536 28.)

968 1562 1117 1611 1294.

266 1633 549 1682 Communis
578 1634 639 1682 sit
665 1635 879 1682 omnium
905 1634 1101 1683 foedere
1131 1635 1424 1683 sociatorum
1459 1641 1683 1695 senatus,
1726 1633 1776 1680 in
1803 1647 1948 1696 quem

126 1734 185 1765 ex
212 1733 503 1781 unaquaque
532 1717 728 1765 civitate
758 1716 1038 1780 deligantur
1065 1734 1347 1768 assessores.
1395 1717 1663 1767 Consessus
1690 1716 1772 1765 ille
1798 1714 1947 1766 Athe-

123 1800 197 1847 nis
235 1798 473 1858 habeatur
510 1807 558 1848 et
597 1801 781 1850 cunctis
821 1817 880 1849 ex
919 1818 1073 1866 aequo
1112 1801 1340 1863 urbibus,
1380 1819 1590 1866 magnae
1628 1800 1730 1849 sive
1765 1813 1946 1865 parvae

124 1883 246 1944 sint,
285 1884 426 1932 unius
465 1885 686 1949 suffragii
716 1885 799 1949 jus
838 1892 954 1933 estc.
1007 1885 1070 1933 Et
1102 1902 1240 1933 suam
1276 1902 1496 1951 quaeque
1529 1883 1947 1950 jurisdictionem,

125 1967 214 2015 sub
242 1966 615 2017 Atheniensium
640 1975 804 2016 tamen
833 1968 1007 2030 ductu,
1047 1969 1266 2017 retineat.
1785 1979 1788 1980 ’

957 2076 1104 2125 1295.

259 2152 385 2205 Ἐάν
399 2176 470 2212 τις
485 2153 691 2220 βόληται
707 2156 807 2206 τῶν
821 2151 1082 2217 ςΕλλήνων
1096 2154 1127 2217 ἢ
1140 2157 1243 2207 τῶν
1256 2156 1529 2225 βαρβάρων
1541 2157 1643 2207 τῶν
1658 2153 1945 2219 ἐνἨπείρῳ

126 2238 434 2289 ἐνοικόντων
461 2236 492 2299 ἢ
516 2240 619 2289 τῶν
645 2240 916 2300 νησιωτῶν,
954 2240 1253 2301 Ἀθηναίων
1284 2241 1548 2307 σύμμαχος
1575 2241 1703 2291 εἶναι
1731 2244 1819 2289 καὶ
1846 2242 1946 2287 τῶν

127 2322 421 2387 συμμάχων,
439 2329 617 2382 ἐξεῖναι
635 2322 780 2389 αὐτῷ
795 2328 1041 2392 ἐλευθέρῳ
1058 2320 1167 2374 ὄντι
1182 2329 1272 2373 καὶ
1289 2322 1561 2391 αὐτονόμῳ
1577 2328 1945 2388 πολιτευομένῳ

127 2410 398 2465 πολιτείαν,
429 2404 491 2466 ἢν
514 2405 579 2456 ἂν
600 2407 826 2473 βόληται,
851 2406 974 2472 μήτε
997 2407 1257 2473 πρυτάνεις
1276 2407 1547 2473 δεχομένῳ,
1570 2408 1694 2473 μήτε
1721 2404 1944 2473 ἄρχοντα

126 2485 508 2555 ὑποδεχομένῳ,
530 2490 656 2555 μήτε
682 2489 849 2555 φόρον
874 2495 1095 2555 φέροντι,
1125 2495 1202 2540 ἐπὶ
1232 2490 1280 2540 δὲ
1307 2498 1410 2548 τοῖς
1436 2490 1624 2551 αὐτοῖς,
1651 2497 1729 2554 ἐφ’
1758 2488 1831 2547 οἷς
1858 2510 1945 2556 περ

128 2577 248 2621 Χῖοι
274 2577 364 2621 καὶ
397 2576 604 2638 Θηβαῖοι
631 2577 719 2622 καὶ
756 2576 802 2622 οὶ
841 2570 986 2623 ἄλλοι
1022 2574 1295 2640 σύμμαχοι.
1355 2580 1470 2632 Τοῖς
1511 2575 1559 2626 δὲ
1600 2578 1945 2639 ποιησαμένοις

130 2660 423 2719 συμμαχίαν
438 2656 557 2720 πρὸς
577 2655 860 2716 Ἀθηναίος
883 2661 973 2705 καί
995 2657 1078 2715 τός
1099 2660 1360 2723 συμμάχος
1382 2656 1585 2721 ἀφεῖναι
1602 2656 1693 2707 τὸν
1710 2657 1871 2722 δῆμον
1883 2654 1943 2704 τά

133 2738 439 2805 ἐγκτήματα,
480 2735 627 2789 όπόσ’
656 2737 722 2789 (ἲν
747 2739 976 2809 τυγχάνῃ
1012 2736 1136 2790 ὄντα
1164 2739 1194 2800 ἢ
1222 2742 1324 2790 ἴδια
1354 2739 1383 2801 ἢ
1410 2741 1618 2806 δημόσια
1648 2739 1945 2800 Ἀθηναίων

131 2825 186 2869 ἐν
209 2821 266 2883 τῇ
295 2822 435 2887 χώρᾳ
473 2823 576 2873 τῶν
617 2828 899 2888 ποιομένων
936 2822 1029 2883 τήν
1066 2829 1375 2888 συμμαχίαν.
1422 2823 1554 2873 'And
1582 2824 1631 2873 δὲ
1661 2826 1944 2873 Ναυσινίκο

132 2899 376 2967 ἄρχοντος
408 2905 478 2969 μή
519 2912 698 2966 ἐξεῖναι
734 2906 858 2970 μήτε
898 2906 1003 2971 ἰδίᾳ
1026 2905 1150 2970 μήτε
1189 2908 1404 2973 δυμοσίᾳ
1436 2906 1736 2967 Ἀθηναίων
1755 2909 1943 2971 μηθενὶ

131 2986 429 3053 ἐγτήσασθαι
453 2996 507 3039 ἐν
533 2999 637 3048 ταῖς
663 2992 765 3041 τῶν
792 2990 1077 3056 συμμάχων
1107 2991 1295 3056 χώραις
1328 2992 1452 3057 μήτε
1486 2995 1663 3041 οἰκίαν
1690 2990 1814 3057 μήτε
1832 3011 1943 3053 χω-

133 3072 246 3135 ρίον
277 3070 399 3134 μήτε
437 3079 688 3139 πριαμένῳ
721 3075 845 3139 μήτε
883 3071 1188 3140 ὑποθεμένῳ
1218 3075 1339 3140 μήτε
1375 3074 1512 3141 ἄλλῳ
1539 3074 1705 3140 τρόπῳ
1726 3071 1942 3138 μηθενί·
1977 3122 1981 3126 .

133 3150 223 3204 ἐὰν
250 3152 302 3202 δέ
324 3174 394 3209 τις
423 3153 605 3215 ὠνῆται
634 3155 663 3216 ἢ
689 3159 870 3206 κτᾶται
902 3155 930 3217 ἢ
954 3162 1155 3218 τίθηται
1189 3158 1356 3224 τρόπῳ
1395 3154 1629 3224 ὁτῳοῦν,
1669 3162 1847 3216 ἐξεῖναι
1874 3154 1943 3221 τῷ

133 3239 430 3302 βουλομένῳ
456 3237 556 3286 τῶν
583 3240 861 3305 συμμάχων
900 3241 1056 3303 φῆναι
1099 3240 1216 3305 πρὸς
1252 3241 1371 3298 τούς
1398 3241 1661 3306 συνέδρους
1688 3240 1789 3289 τῶν
1816 3257 1942 3304 συμ*

131 3318 339 3384 μάχων·
381 3321 427 3367 οἱ
456 3320 502 3367 δὲ
533 3322 757 3387 σύνεδροι
788 3324 1086 3374 ἀποδόντων
1124 3324 1181 3392 ,τὸ
1202 3328 1299 3389 μὲν
1328 3323 1477 3390 ἥμισυ
1502 3326 1575 3390 τῷ
1600 3330 1845 3387 φήναντι,
1885 3320 1941 3373 τὸ

139 3403 187 3452 δὲ
217 3400 341 3452 ἄλλο
367 3403 560 3452 κοινῶν
599 3407 718 3453 ἔστω
757 3409 858 3456 τῶν
896 3407 1188 3472 συμμάχων.
1234 3407 1361 3458 Ἐάν
1387 3408 1440 3459 δέ
1462 3430 1532 3466 τις
1560 3409 1611 3472 ἴῃ
1638 3414 1716 3458 ἐπὶ
1744 3411 1942 3473 πολέμῳ
