2114 3642
859 168 1107 238 oLYNiPIA.
1797 190 1893 240 321

70 335 205 382 ἐστὶν
232 325 262 380 ὂ
288 327 588 381 ἀνέσπακεν.
632 327 905 381 ςΑπάντων
932 328 980 376 δὲ
1013 326 1101 388 ἤδη
1128 328 1354 393 ἐχόντων
1395 326 1421 381 o‘
1459 328 1709 393 ἀλυτάχης
1745 329 1772 390 ἢ
1799 333 1902 382 τῶν

69 413 415 464 ἑλλανοδικεῖν
442 411 614 462 αὐτῶν
640 412 734 471 εἷς,
782 411 986 477 περιιών
1022 419 1288 463 ἐπισκοπεῖ
1323 413 1441 470 τούς
1477 413 1692 478 κλήρους
1719 419 1775 464 ἐν
1799 415 1899 463 κύ-

66 502 176 563 κλῳ
216 496 443 546 ἑστώτων
481 500 568 545 καὶ
610 493 744 545 οὕτω
782 495 876 545 τὸν
907 500 1004 560 μὲν
1041 497 1098 546 τὸ
1140 494 1280 559 ἄλφα
1324 502 1510 561 ἔχοντα
1544 498 1615 562 τῷ
1642 496 1700 545 τὸ
1728 503 1901 561 ἕτερον

66 578 209 643 ἄλφα
237 578 549 629 ἀνεσπακότι
577 582 809 628 παλαίειν
844 577 872 638 ἢ
898 579 1294 648 παγκρατιάζειν
1333 580 1600 639 συνάπτει,
1642 578 1736 628 τὸν
1763 580 1811 628 δὲ
1841 580 1898 629 τὸ

63 663 191 728 βῆτα
207 663 280 728 τῷ
292 662 349 711 τὸ
366 664 497 728 βῆτα
517 659 719 728 ὁμοίως,
747 666 839 711 καὶ
866 662 986 720 τούς
1014 660 1200 720 ἄλλους
1225 663 1345 721 τούς
1372 661 1737 733 ὁμογράμμους
1763 663 1899 712 κατὰ

64 745 249 796 ταύτά·
290 743 425 795 οὕτω
446 747 545 811 μὲν
570 745 694 815 γάρ,
739 744 800 805 ἢν
827 743 986 811 ἄρτιοι
1018 743 1142 812 (ᾖσιν
1183 750 1229 795 οἱ
1271 746 1570 815 ἀγωνισταὶ·
1615 744 1676 806 ἣν
1716 746 1763 795 δὲ
1808 768 1899 795 πε*ἢ

64 834 249 897 ριττοί,
289 828 494 898 γράμμα
520 851 564 878 τι
593 828 826 895 περιττὸν
853 833 926 878 ἑνὶ
954 829 1122 895 κλήρῳ
1150 834 1402 898 ἐγγραφὲν
1429 830 1766 895 συμβάλλεται
1800 830 1899 880 αὐ-

63 921 184 972 τοῖς,
225 911 549 982 ἀντίγραφον
576 910 703 962 ἄλλο
732 911 836 963 οὐκ
863 915 999 976 ἔχον.
1025 910 1120 970 “()ς
1149 913 1193 961 δ’
1222 911 1290 963 ἂν
1314 914 1467 962 τοῦτο
1496 913 1774 979 ἀνασπάσῃ,
1804 920 1900 977 ἐτρ-

64 996 249 1062 εδρεύει
277 1001 581 1062 περιμένων,
620 1002 718 1046 ἐστ’
746 994 813 1046 ἄν
839 1002 1025 1047 ἐκεῖνοι
1055 995 1429 1064 ἀγωνίσωνται)
1471 995 1531 1045 οὐ
1573 997 1669 1065 γάρ
1710 1001 1810 1061 ἔχει
1839 997 1897 1049 τὸ

65 1079 405 1150 ἀντίγραμμα.
1073 1082 1301 1142 (Lucian.
1330 1082 1620 1133 Hermotim.
1649 1085 1756 1144 40.)

908 1191 1054 1238 1262.

203 1287 555 1337 Hellanodicae
584 1286 880 1347 sortiuntur,
922 1303 1067 1350 quem
1094 1304 1309 1350 quocum
1336 1294 1419 1335 aut
1446 1286 1574 1336 lucta
1601 1295 1786 1337 certare
1814 1297 1897 1337 aut

61 1371 316 1437 pancratio
345 1377 583 1436 oporteat.
639 1370 776 1419 Urna
814 1376 1052 1433 argentea
1090 1371 1341 1435 proposita
1382 1378 1480 1432 est,
1523 1370 1600 1419 dei
1636 1389 1786 1421 sacra.
1840 1375 1899 1422 In

61 1455 189 1503 hanc
214 1471 397 1520 parvae
426 1454 651 1503 fabarum
676 1454 831 1502 instar
857 1460 1012 1502 sortes
1038 1454 1349 1518 injiciuntur,
1390 1453 1667 1518 inscriptae.
1720 1456 1897 1505 Inscri-—

61 1538 193 1586 bitur
218 1545 380 1587 autem
413 1538 540 1586 binis
567 1536 637 1599 A,
677 1537 806 1585 binis
834 1536 938 1585 aliis
966 1537 1032 1597 B,
1074 1537 1181 1584 aliis
1207 1536 1335 1585 binis
1364 1537 1436 1598 G,
1479 1544 1527 1585 et
1555 1538 1727 1587 eodem
1751 1539 1894 1588 modo

61 1621 322 1686 deinceps,
363 1621 401 1669 si
429 1621 593 1686 plures
622 1620 835 1669 athletae
864 1619 1073 1680 fuerint,
1116 1626 1167 1667 ut
1207 1619 1331 1668 duae
1372 1637 1566 1686 semper
1599 1629 1755 1671 sortes
1783 1640 1894 1671 ean-

60 1705 172 1753 dem
197 1705 389 1753 literam
421 1704 650 1752 habeant.
701 1703 955 1752 Accedens
995 1709 1160 1750 autem
1200 1702 1495 1752 athletarum
1533 1706 1892 1770 unusquisque,

60 1789 95 1837 J
99 1805 243 1838 ovem
269 1794 525 1854 precatus,
568 1787 777 1836 demissa
810 1787 860 1834 in
889 1803 1062 1834 urnam
1089 1803 1238 1834 manu
1264 1787 1467 1835 sortium
1494 1805 1643 1837 unam
1671 1790 1894 1851 extrahit,

61 1879 108 1919 et
134 1878 246 1937 post
270 1871 409 1919 illum
437 1871 588 1931 alius3
627 1877 889 1934 astansque
929 1869 1188 1934 unicuique
1229 1870 1491 1933 flagellifer
1529 1889 1729 1920 manum
1767 1873 1894 1922 illius

60 1956 261 2014 retinet,
314 1971 406 2002 nec
444 1954 560 2002 sinit
595 1954 734 2002 illum
780 1952 946 2001 videre
987 1971 1112 2018 quae
1153 1953 1213 2001 sit
1253 1954 1394 2002 litera
1432 1970 1576 2019 quam
1618 1957 1893 2005 extraxerit.

61 2037 305 2085 Omnibus
345 2044 508 2084 autem
548 2053 684 2084 suam
717 2036 823 2100 jam
851 2035 1176 2096 habentibus,
1219 2035 1512 2102 Alytarcha,
1554 2046 1637 2087 aut
1675 2040 1894 2105 ipsorum

60 2138 184 2168 unus
212 2108 646 2168 Hellanodicarum
685 2119 976 2167 circumiens
1014 2119 1214 2184 inspicit
1242 2127 1396 2169 sortes
1423 2122 1656 2170 stantium
1684 2123 1865 2171 circulo
1882 2162 1892 2182 ,

58 2212 202 2268 atque
230 2204 297 2251 ita
324 2220 432 2251 eum
460 2203 541 2266 qui
568 2202 612 2251 A
639 2202 815 2261 habet,
856 2220 967 2251 cum
1006 2221 1062 2251 eo
1105 2203 1185 2267 qui
1225 2204 1434 2253 alterum
1474 2204 1518 2254 A
1558 2207 1790 2267 extraxit,
1832 2206 1892 2254 ad

58 2288 241 2336 luctam
268 2287 348 2335 vel
375 2286 685 2351 pancratium
723 2294 1000 2351 comparat,
1043 2287 1360 2352 similiterque
1389 2306 1500 2337 eum
1531 2288 1606 2337 cui
1636 2290 1674 2336 Β
1704 2290 1890 2349 evenit,

60 2389 170 2420 cum
197 2371 351 2420 altero
379 2371 460 2436 qui
488 2371 527 2418 B
554 2370 729 2431 habet,
769 2378 817 2419 et
851 2371 1063 2436 reliquos
1103 2372 1324 2438 ejusdem
1349 2372 1519 2421 literae
1549 2373 1721 2421 eadem
1748 2374 1888 2421 ratio-

58 2472 132 2503 ne.
185 2453 346 2519 Atque
386 2454 455 2502 ita
493 2454 688 2519 quidem
728 2455 765 2503 si
806 2456 911 2520 pari
944 2472 1150 2504 numero
1177 2456 1273 2505 sint
1300 2457 1527 2505 athletae.
1583 2456 1634 2504 Si
1661 2473 1776 2504 vero
1803 2457 1889 2505 im-

58 2538 163 2604 pari
191 2554 420 2598 numerO,
460 2537 599 2585 litera
637 2538 880 2602 quaedam
911 2539 1071 2604 impar
1096 2547 1144 2588 et
1170 2540 1302 2604 ipsa,
1345 2540 1425 2588 uni
1456 2547 1647 2588 tantum
1674 2540 1790 2587 sorti
1818 2540 1887 2587 in-

57 2622 266 2686 scripta,
306 2620 690 2685 respondentem
727 2622 817 2670 sibi
857 2622 1003 2670 aliam
1037 2639 1134 2671 non
1162 2623 1378 2683 habens,
1420 2640 1530 2670 cum
1556 2623 1752 2687 reliquis
1780 2624 1887 2688 inji-

59 2705 196 2754 citur.
249 2704 390 2753 Hanc
415 2704 496 2768 qui
525 2705 813 2766 extraxerit,
855 2705 1074 2754 subsidet
1111 2713 1379 2771 expectans
1420 2706 1536 2754 dum
1574 2704 1641 2753 illi
1670 2714 1886 2756 certave=

57 2789 179 2838 rint:
218 2805 316 2836 non
343 2787 474 2836 enim
499 2787 650 2836 habet
675 2804 735 2838 ex
762 2789 970 2838 adverso
999 2790 1090 2839 sibi
1117 2790 1502 2857 respondentem
1528 2789 1731 2839 literam.

901 2922 1050 2971 1263.

193 3012 600 3077 Ἀλυτάρχης
639 3012 691 3063 δέ
714 3019 848 3063 ἐστιν
874 3009 901 3064 ὁ
929 3015 1013 3074 τῆς
1040 3019 1095 3064 ἐν
1128 3016 1199 3081 τῷ
1233 3013 1572 3080 Ὀλυμπιακῴ
1612 3013 1769 3081 ἀγῶνι
1797 3016 1884 3067 εὖ·

59 3099 276 3161 κοσμίας
302 3093 487 3163 ἄρχων.
895 3173 1026 3221 1263
1284 3100 1521 3166 (Etymol.
1549 3102 1742 3166 Magn.)

202 3265 467 3333 Alytarcha
504 3272 668 3315 autem
707 3273 780 3314 est
817 3266 1007 3316 decoris
1048 3274 1097 3318 et
1135 3267 1319 3319 ordinis
1346 3268 1394 3316 in
1422 3271 1684 3319 certamine
1712 3271 1878 3335 Olym-

59 3350 253 3417 piorum
279 3351 505 3402 servandi
531 3349 819 3421 praefectus.

85 3438 92 3449 ⁴
1544 3435 1594 3483 21
