2114 3642
864 214 1004 246 PACIS
1029 212 1171 247 JURA.
1827 198 1926 247 315

104 337 364 401 ὑποδοχῆς
391 360 441 388 τε
467 338 569 388 τῶν
595 341 800 388 ἐκεῖθεν
825 341 1145 402 φροντίζειν,
1186 342 1274 388 καὶ
1301 336 1555 403 προσόδου
1581 338 1665 397 τῆς
1692 337 1810 402 πρὸς
1835 338 1928 388 τόν

106 423 294 487 δῆμον,
334 426 424 470 καὶ
450 421 591 486 ἔδρας
617 426 672 473 ἐν
697 420 767 485 τῷ
798 420 1011 486 θεάτρῳ.
1330 425 1534 485 (Pollux
1562 425 1648 485 III,
1680 426 1787 484 59.)

945 531 1093 580 1237.

244 615 538 664 Procurator
562 613 815 678 hospitalis
842 613 1092 677 publicam
1119 614 1253 662 urbis
1281 615 1579 679 legationem
1605 613 1818 679 hospitio
1846 632 1925 663 ex-

102 698 243 763 cipit,
270 698 321 745 in
346 697 505 745 aliena
530 696 632 760 ipse
659 695 853 744 civitate
882 696 1122 758 existens,
1156 705 1209 744 ut
1235 697 1408 760 legatis
1435 698 1618 746 ibidem
1643 697 1923 762 hospitium,

101 798 415 845 congressum
443 779 612 845 populi
639 785 687 826 et
713 778 877 827 sedem
904 782 951 827 in
977 780 1168 830 theatro
1195 787 1433 845 procuret.

946 888 1094 937 1238.

232 978 321 1039 Ἐξ
349 978 573 1048 ἀνάγκης
600 984 700 1030 ἐστὶ
727 981 797 1046 τῷ
826 985 1050 1046 προξένῳ
1078 978 1318 1031 ἁπάντων
1343 981 1445 1030 τῶν
1471 979 1633 1031 αὑτοῦ
1675 987 1923 1048 συμπολι-

100 1063 200 1112 τῶν
226 1068 583 1125 ἐπιμελεῖσθαι.
994 1067 1271 1127 (Demosth.
1298 1083 1336 1116 c.
1365 1066 1574 1133 Callipp.
1608 1069 1783 1130 1237.)

944 1174 1092 1223 1238.

239 1270 449 1318 Necesse
477 1277 549 1318 est
576 1270 878 1334 procuratori
918 1269 1149 1335 hospitali
1185 1270 1399 1318 omnium
1426 1287 1620 1318 suorum
1645 1271 1925 1320 concivium

98 1369 266 1401 curam
293 1352 486 1401 habere.

951 1424 1099 1473 1239.

243 1521 359 1572 Τοῖς
386 1520 640 1581 προξένοις
667 1514 795 1565 εἶναι
821 1516 907 1584 γῆς
934 1520 1024 1565 καὶ
1052 1518 1221 1572 οἰκίας
1249 1517 1485 1584 ἔγκτησιν
1523 1521 1611 1565 καὶ
1652 1521 1924 1568 ἰσοτέλειαν

96 1603 183 1647 καὶ
212 1597 496 1662 ἀσφάλειαν
525 1603 613 1648 καὶ
642 1597 861 1648 ἀσυλίαν
885 1604 976 1649 καὶ
1004 1603 1226 1664 πολέμου
1260 1604 1348 1648 καὶ
1387 1599 1579 1664 εἰρήνης
1617 1596 1794 1660 οὔσης,
1835 1606 1922 1650 καὶ

96 1681 226 1730 κατὰ
254 1683 350 1751 γῆν
377 1687 466 1732 καὶ
493 1682 626 1732 κατὰ
657 1682 930 1733 θάλατταν.

612 1770 854 1834 (Boeckh.
882 1787 1016 1835 corp„
1043 1769 1259 1835 inscript.
1287 1787 1359 1833 gr.
1391 1769 1525 1817 1562
1548 1770 1780 1828 -1567.)

938 1875 1088 1924 1239.

236 1970 585 2021 Procuratores
613 1970 882 2037 hospitales
922 1971 1111 2036 possint
1149 1988 1293 2035 agros
1333 1978 1381 2020 et
1415 1971 1586 2020 domos
1621 1988 1919 2037 comparare,

93 2054 309 2103 habeant
348 2056 571 2121 aequalia
607 2072 717 2103 cum
749 2055 938 2103 civibus
959 2054 1093 2119 jura,
1133 2055 1541 2120 securitatemque
1569 2063 1618 2104 et
1643 2056 1918 2104 immunita-

92 2144 190 2186 tem
217 2144 348 2187 terra
373 2139 591 2203 marique
618 2145 837 2204 tempore
864 2138 982 2187 belli
1010 2144 1058 2187 et
1085 2138 1232 2203 pacis.

231 2325 483 2393 Σύμβολα
511 2329 638 2376 εἰσιν
665 2328 716 2374 αἱ
745 2326 1023 2385 συνθῆκαι,
1065 2321 1122 2383 ἃς
1149 2323 1214 2375 ἂν
1241 2323 1471 2384 ἀλλήλαις
1497 2327 1548 2374 αἱ
1575 2324 1738 2382 πόλεις
1767 2329 1917 2389 θέμε-

91 2430 173 2459 ναι
200 2409 411 2458 τάττωσι
437 2417 540 2467 τοῖς
566 2413 807 2468 πολίταις,
836 2407 958 2458 ὥστε
986 2408 1179 2458 διδόναι
1207 2413 1296 2457 καὶ
1324 2408 1609 2474 λαμβάνειν
1635 2407 1694 2457 τά
1725 2408 1915 2461 δίκαια.

1375 2496 1774 2560 (Harpocratio)

230 2649 538 2715 Reciperatio
565 2658 680 2699 sunt
705 2658 850 2716 pacta
875 2657 1146 2711 conventa,
1187 2667 1311 2713 quae
1352 2649 1573 2697 civitates
1612 2648 1738 2697 inter
1764 2667 1815 2698 se
1842 2650 1913 2698 in-

88 2741 229 2795 eunt,
270 2740 321 2781 ut
349 2734 479 2782 cives
506 2733 578 2781 sui
605 2733 770 2782 debita
790 2735 906 2799 jura
930 2733 1141 2782 invicem
1167 2732 1385 2781 tribuant
1409 2732 1758 2796 accipiantque.

932 2838 1082 2888 1241.

228 2918 372 2986 Πρός
408 2917 495 2976 τοὶς
534 2917 697 2975 πόλεις
735 2924 789 2969 ἐν
826 2926 930 2975 τοῖς
969 2917 1241 2984 συμβόλοις
1276 2921 1576 2989 συνθέσθαι,
1604 2917 1675 2983 μὴ
1727 2925 1907 2979 ἐξεῖναι

82 3002 211 3067 μήθ’
238 3000 393 3069 εἷρξαι
414 3003 537 3067 μήτε
564 3002 709 3062 δῆσαι
733 3002 826 3052 τόν
857 3002 1154 3067 ἐλεύθερον·
1196 3000 1286 3050 ἐάν
1313 3001 1366 3051 δέ
1388 3023 1458 3057 τις
1484 3002 1707 3068 παραβῇ,
1742 3003 1908 3071 μεγά-

89 3091 180 3144 λην
208 3090 390 3150 ζημίαν
415 3090 492 3135 ἐπὶ
521 3085 716 3141 τούτοις
747 3090 948 3135 θέσθαι.

956 3158 1218 3219 (Andocid.
1252 3175 1290 3206 0.
1319 3156 1558 3209 Alcibiad.
1588 3157 1767 3225 §.180

932 3266 1079 3315 1241.

232 3348 467 3399 Civitates
494 3357 637 3415 pacta
664 3358 907 3399 conventa
933 3350 1060 3398 inter
1087 3367 1136 3397 se
1160 3349 1340 3412 ineant,
1369 3347 1613 3400 hominem
1639 3353 1906 3416 ingenuum
