2161 3673
894 249 1091 282 coNcm,
1851 233 1919 280 33

935 374 1050 424 128.

213 461 283 512 Ut
307 461 440 511 cives
467 456 743 508 necessario
771 456 1090 507 concionibus
1129 457 1380 519 intersint,
1420 456 1745 505 occludantur
1770 457 1909 518 viae,

73 563 196 612 quae
234 562 333 594 non
371 544 536 593 ferunt
573 540 636 589 ad
676 539 991 601 concionem,
1034 541 1365 605 tollanturque
1406 557 1596 590 merces
1625 557 1650 589 e
1677 540 1812 600 foro,
1851 557 1913 589 ne

72 630 201 679 circa
224 629 311 678 has
336 635 530 693 tempus
556 629 733 673 terant.
774 624 886 672 Duo
914 630 1081 672 autem
1106 625 1236 674 servi
1265 632 1467 674 extenso
1495 642 1583 690 per
1610 624 1771 671 forum
1797 623 1913 672 fune

72 712 268 761 rubrica
304 712 481 769 tincto,
534 707 725 774 pellant
766 706 1006 772 populum
1044 707 1106 755 ad
1156 708 1456 757 concionem.
1521 706 1913 770 Quibuscunque

70 812 187 844 vero
214 794 420 843 minium
446 791 690 851 allinitur,
730 790 966 839 mulctam
992 791 1294 856 persolvant.

211 985 297 1031 Δεῖ
320 982 597 1044 καθαίρειν
623 977 717 1038 τὴν
743 981 1024 1037 ἐκκλησίαν
1045 985 1251 1042 μικροῖς
1285 976 1421 1026 πάνυ
1443 977 1744 1043 χοιριδίοις,
1786 975 1913 1041 ἅπερ

71 1063 413 1130 ὀνομάζονται
440 1061 731 1127 καθάρσια·
769 1061 925 1111 τοῦτο
954 1060 1004 1110 δὲ·
1032 1061 1271 1110 ποιοῦσιν
1310 1062 1358 1109 οἱ
1391 1060 1658 1128 λεγόμενοι
1687 1063 1911 1125 περιστί-

72 1168 235 1215 αρχοι.
954 1147 1312 1212 (Harpocratio
1339 1164 1385 1194 v.
1413 1143 1764 1208 καθάρσιον.)

214 1339 442 1389 Lustrare
482 1346 676 1405 oportet
725 1338 1014 1387 concionem
1051 1337 1216 1402 parvis
1256 1336 1509 1402 porcellis,
1564 1337 1648 1402 qui
1687 1338 1913 1387 lustrales

73 1424 297 1473 victimae
324 1431 576 1472 vocantur.
629 1422 737 1471 Hoc
764 1429 928 1470 autem
954 1421 1142 1470 faciunt
1168 1421 1238 1469 sic
1265 1420 1383 1469 dicti
1410 1421 1709 1471 circuitores.

205 1608 271 1661 ‘O
302 1615 679 1678 περιστίαρχος,
722 1606 748 1660 ὁ
793 1614 1179 1676 περικαθαίρων
1218 1609 1311 1670 τήν
1350 1613 1632 1670 ἐκκλησίαν
1673 1610 1753 1659 διά
1787 1615 1913 1674 χοί-

71 1715 163 1760 ρου
188 1700 570 1765 ἐπεσφαγμένου
597 1693 659 1744 τά
685 1694 949 1758 καθάρσια
983 1692 1159 1759 λαβών
1186 1693 1383 1759 ῥιψάτω
1411 1697 1480 1750 εἰς
1505 1692 1600 1754 τήν
1630 1693 1913 1748 θάλασσαν.

816 1781 1004 1842 (Schol.
1031 1782 1082 1830 in
1109 1780 1341 1831 Aeschin.
1371 1781 1616 1830 Timarch.
1647 1782 1770 1842 23.)

935 1889 1052 1938 130.

211 1974 479 2033 Circuitor,
532 1973 613 2037 qui
648 1980 862 2022 mactato
902 1973 1121 2038 porcello
1161 1974 1450 2022 concionem
1491 1974 1688 2030 lustrat,
1742 1974 1913 2022 sumtis

73 2057 281 2106 victimis
307 2055 591 2105 lustralibus
619 2056 844 2121 projiciat
871 2073 928 2103 ea
954 2056 1005 2103 in
1030 2073 1180 2104 mare.

936 2163 1051 2212 131.

212 2244 467 2310 Πρόεδροι
503 2244 815 2309 κληροῦνται
851 2244 955 2294 τῶν
987 2244 1284 2309 πρυτάνεων
1322 2251 1450 2295 καθ’
1479 2246 1695 2305 ἑκάστην
1723 2251 1909 2305 ἑκκλιρ

70 2331 187 2377 σίαν
212 2325 279 2385 εἶς
305 2333 355 2388 ἐξ
384 2328 593 2388 ἑκάστης
620 2327 812 2391 φυλῆς,
858 2328 990 2388 πλὴν
1015 2328 1100 2388 τῆς
1137 2330 1543 2394 πρυτανευούσης
1560 2369 1572 2388 ,
1613 2333 1665 2379 οἵ
1691 2351 1816 2386 τινες
1846 2329 1904 2377 τά

69 2415 175 2476 περὶ
226 2411 310 2472 τῆς
366 2415 637 2472 ἐκκλησίας
689 2411 977 2472 διοικοῦσι,
1030 2418 1122 2463 καί
1175 2412 1531 2478 προεδρεύουσι
1585 2413 1686 2463 τῶν
1738 2410 1911 2462 ἄλλων

68 2490 337 2546 ἁπάντων·
378 2492 404 2546 ό
435 2495 485 2546 δὲ
513 2494 771 2555 ἐπιστάτης
800 2500 979 2561 κληροῖ
1004 2495 1205 2553 αὐτούς.

1055 2583 1439 2648 (Harpocratioz
1480 2578 1769 2646 πρόεδροι.)

934 2691 1050 2740 131.

210 2774 467 2823 Praesides
495 2791 520 2823 e
548 2775 870 2841 prytanibus‚
912 2775 1103 2839 quoties
1143 2792 1273 2823 nova
1303 2773 1513 2822 habetur
1540 2773 1737 2834 concio,
1778 2781 1906 2822 sorte

68 2857 330 2922 leguntur,
373 2875 431 2906 ex
472 2858 690 2922 qualibet
729 2858 862 2906 tribu
900 2876 1056 2918 unus,
1099 2864 1308 2922 excepta
1347 2874 1433 2916 ea,
1475 2873 1598 2920 quae
1626 2857 1911 2922 prytaniam

67 2941 221 3004 gerit3
260 2942 342 3005 qui
379 2949 554 2989 curant
593 2959 650 2990 ea
686 2960 811 3006 quae
839 2941 902 2991 ad
930 2942 1127 2990 comitia
1152 2939 1322 3006 populi
1348 2940 1600 3005 pertinent
1627 2949 1675 2990 et
1701 2942 1911 3007 primam

67 3041 184 3090 prae
212 3025 411 3089 reliquis
438 3024 606 3073 sedem
632 3032 818 3074 tenent.
847 3026 1133 3075 Praefectus
1151 3031 1313 3073 autem
1340 3031 1469 3072 sorte
1497 3024 1618 3090 legit
1645 3025 1911 3091 praesides.

198 3221 388 3274 ςΟπότε
413 3231 469 3275 ἐν
494 3225 553 3289 τῇ
582 3228 828 3291 ἐκκλησίᾳ
855 3225 1093 3291 ψήφισμα
1123 3226 1360 3290 γραφείη,
1391 3228 1756 3289 ἑπιψηφίζουσι
1783 3222 1906 3286 πρό-

66 3327 213 3372 τερον
240 3307 367 3358 αὐτὸ
397 3310 443 3357 οἱ
474 3307 736 3373 πρόεδροι,
782 3308 888 3358 εἶτα
914 3308 985 3373 τῴ
1014 3307 1161 3370 δήμῳ
1191 3304 1610 3373 ἀναγινώσκεται.

463 3393 651 3453 [Schol.
680 3394 731 3441 in
760 3393 988 3444 Aeschin.
1019 3399 1137 3441 orat.
1167 3391 1226 3439 de
1254 3391 1359 3440 fals.
1388 3392 1535 3455 legat.
1565 3389 1609 3457 ξ.
1639 3394 1762 3451 84.)

1599 3473 1623 3513 3
