2114 3642
222 214 323 262 576
754 226 1162 261 COMMENTARIUS
1191 227 1259 257 AD
1289 222 1392 260 1170.
1424 222 1526 260 1174.

361 357 628 417 Zaleucus,
659 355 910 419 legislator
938 352 1260 401 Locrensium
1278 392 1287 412 ,
1307 355 1475 418 jussit,
1504 362 1557 402 ut
1584 354 1807 403 adulterii
1836 355 2065 403 convicto

218 440 347 488 oculi
375 440 721 488 effoderentur.
780 435 906 484 Cum
933 453 1051 484 vero
1080 436 1208 484 filius
1237 436 1342 501 ejus
1370 437 1630 485 damnatus
1659 437 1910 498 adulterii,
1949 454 2065 502 poe-

217 539 332 571 nam
360 542 383 571 e
412 520 619 588 paterna
644 520 755 582 lege
783 519 984 567 daturus
1013 527 1166 579 esset,
1208 537 1298 581 ne,
1339 521 1468 584 quod
1496 521 1649 570 semel
1677 522 1919 569 sancitum
1947 527 2064 581 erat,

215 605 401 654 irritum
429 606 589 664 fieret,
629 603 735 668 ipse
774 600 1015 651 Zaleucus
1055 620 1146 668 pro
1187 603 1343 653 altero
1386 603 1636 653 oculorum
1670 604 1756 652 filii
1783 621 1924 653 suum
1949 603 2065 652 dare

216 687 468 747 sustinuit,
498 693 551 733 ut
576 702 637 733 ne
665 702 865 750 prorsus
894 692 1245 734 excaecaretur
1272 686 1573 736 adolescens.
1618 686 1894 746 [Aelian.
1925 686 2065 735 Var.

216 770 360 818 hist.
388 769 527 829 XIII,
558 769 640 828 24,
671 770 743 827 5.)

356 863 503 929 Apud
532 862 775 912 Cumaeos
805 863 1165 929 deprehensam
1192 865 1242 911 in
1270 864 1511 914 adulterio
1542 864 1798 914 mulierem
1824 866 1875 913 in
1904 865 2063 913 forum

212 946 553 1013 producebant
594 954 641 994 et
679 948 729 994 in
769 946 935 1012 lapide
979 947 1206 995 omnibus
1257 948 1528 1013 conspicuo
1581 947 1846 1008 sistebant,
1889 946 2065 996 deinde

211 1031 349 1078 asino
388 1031 670 1095 impositam
713 1031 845 1079 circa
885 1030 1059 1078 urbem
1088 1031 1550 1093 circumducebant,
1592 1041 1767 1098 postea
1793 1048 1985 1080 rursum
2013 1032 2063 1078 in

213 1113 387 1162 eodem
426 1113 591 1179 lapide
630 1121 792 1162 astare
836 1121 1033 1169 coacta,
1074 1114 1270 1162 infamis
1298 1132 1386 1179 per
1415 1123 1567 1163 totam
1593 1115 1868 1164 habebatur
1896 1115 2061 1175 vitam,

212 1204 260 1244 et
286 1197 561 1245 vocabatur
602 1196 786 1245 Onob
804 1198 958 1257 atis,
1000 1197 1048 1244 id
1077 1206 1174 1257 est,
1224 1198 1378 1247 Asin
1398 1218 1424 1246 ο
1454 1217 1524 1247 ν6
1542 1207 1657 1247 cta.
1711 1198 1953 1264 Lapidem
1979 1216 2062 1247 au-

210 1288 309 1328 tem
362 1281 425 1329 ob
479 1298 586 1329 eam
640 1300 743 1329 rem
795 1289 846 1329 ut
899 1280 1141 1345 pollutum
1194 1282 1623 1331 abominabantur.
1692 1282 1923 1342 (Pluta
1941 1282 2062 1329 rch.

211 1364 470 1424 Quaest.
511 1382 721 1429 graec.
761 1367 835 1423 2.)

354 1446 504 1512 Apud
543 1448 794 1496 Tenedios
835 1449 1001 1512 legem
1029 1467 1057 1496 a
1085 1466 1199 1514 rege
1242 1450 1455 1514 quodam
1498 1450 1646 1499 latam
1676 1450 1872 1510 dicunt,
1914 1467 1938 1498 e
1967 1467 2061 1515 qua

212 1532 250 1580 si
279 1531 385 1595 quis
414 1530 690 1579 adulterum
720 1531 1139 1602 deprehenderet,
1183 1533 1484 1581 interficeret
1511 1552 1622 1582 eum
1650 1535 1820 1582 securi.
1874 1535 2062 1599 Depre-

213 1617 366 1664 henso
409 1633 523 1664 vero
564 1616 715 1680 ipsius
757 1616 882 1674 filio,
925 1634 1076 1680 quum
1103 1617 1141 1664 is
1170 1618 1251 1681 qui
1286 1627 1486 1683 ceperat
1526 1619 1856 1681 interrogaret
1895 1634 2063 1680 regem

212 1698 326 1764 quid
356 1697 637 1747 faciendum
666 1706 819 1759 esset,
840 1699 1047 1764 jussisse
1078 1699 1236 1757 illum,
1265 1708 1316 1748 ut
1342 1700 1451 1764 lege
1482 1708 1712 1750 uteretur.
1766 1701 1837 1749 Ac
1867 1708 2063 1766 propten

211 1800 296 1831 rea
321 1783 369 1829 in
397 1782 557 1830 numis
585 1781 923 1832 Tenediorum
951 1784 1107 1831 altera
1133 1802 1249 1849 pars
1277 1785 1485 1832 securim
1516 1793 1765 1833 exaratam
1794 1785 1966 1841 habet,
1995 1786 2062 1833 al-

211 1876 316 1915 tera
342 1874 505 1915 autem
534 1884 593 1915 ex
621 1884 718 1914 uno
747 1866 874 1914 collo
901 1867 1225 1931 prodeuntem
1255 1868 1430 1916 faciem
1459 1868 1547 1916 viri
1576 1868 1903 1933 mulierisque.
1933 1868 2062 1916 Hinc

213 1950 272 1998 de
313 1949 459 1998 rebus
499 1950 748 1999 atrocibus
788 1949 951 1998 dicere
993 1951 1180 1999 solent:
1222 1951 1516 1999 Tenedia
1554 1954 1773 2000 securi
1814 1953 2061 2018 praeci-

213 2032 242 2080 (l
259 2051 283 2081 6
301 2052 323 2082 1·
338 2050 376 2081 6.
422 2027 829 2092 Ἀποκεκόφθαι
878 2032 1099 2095 Τενεδίῳ
1142 2035 1351 2083 πελέκει.
1406 2035 1492 2095 (Η
1510 2053 1534 2083 6
1552 2053 1573 2083 1·
1588 2053 1617 2084 a
1633 2035 1805 2085 elide
1822 2054 1843 2084 s
1885 2036 1925 2083 P
1940 2055 1967 2084 o
1984 2055 2014 2084 n
2032 2044 2061 2084 t.

212 2116 271 2164 de
299 2116 401 2165 reb.
431 2117 567 2182 publ.
599 2117 712 2178 VII,
743 2117 817 2176 3.)

356 2200 631 2264 Lepreatae
659 2198 908 2248 adulteros
938 2201 1324 2265 comprehensos
1353 2200 1513 2249 triduo
1543 2220 1630 2266 per
1658 2201 1829 2251 urbem
1858 2202 2054 2250 circum-

214 2283 463 2331 ducebant
491 2283 682 2332 vinctos
710 2292 757 2331 et
784 2299 872 2348 per
899 2290 1054 2331 totam
1081 2283 1232 2331 vitam
1261 2284 1469 2332 infames
1498 2284 1762 2333 habebant.
1806 2286 2062 2333 Mulierem

214 2374 377 2414 autem
404 2365 679 2415 adulteram
706 2365 927 2413 indutam
955 2366 1204 2430 pellucida
1230 2375 1367 2415 veste
1396 2367 1499 2414 sine
1529 2368 1744 2431 cingulo,
1762 2368 1811 2415 in
1840 2368 1945 2416 foro
1975 2385 2062 2433 per

214 2449 441 2498 undecim
468 2449 571 2498 dies
598 2448 908 2505 statuebant,
950 2457 1095 2513 atque
1135 2449 1406 2514 ignominia
1445 2451 1701 2499 notabant.
1741 2451 2060 2511 (Heracli-

216 2531 324 2579 des
365 2532 496 2581 Pon
514 2540 545 2580 t.
586 2531 646 2580 de
673 2532 775 2580 reb.
804 2531 938 2596 publ.
968 2531 1134 2591 XIV.)

358 2614 645 2681 Gortynae,
686 2617 734 2663 iu
770 2614 927 2664 insula
955 2616 1131 2676 Creta,
1174 2617 1515 2682 deprehensus
1556 2618 1750 2668 adulter
1790 2618 2063 2667 ducebatur

216 2697 277 2744 ad
317 2699 658 2764 magistratus,
711 2699 1025 2764 criminisque
1067 2701 1325 2749 convictus
1366 2701 1480 2748 lana
1519 2702 1861 2751 coronabatur.
1925 2702 2063 2751 Haec

218 2795 333 2825 vero
379 2782 633 2830 coronatio
675 2780 1007 2845 redarguebat
1048 2800 1159 2830 eum
1198 2800 1303 2832 esse
1333 2785 1580 2833 hominem
1607 2785 1833 2845 mollem,
1877 2785 2058 2833 effemi-

218 2866 386 2908 natum
413 2870 461 2911 et
486 2864 547 2913 ad
576 2865 802 2913 mulieres
830 2865 1103 2929 pulchrum.
1154 2866 1215 2914 Et
1246 2867 1597 2916 aestimabatur
1624 2869 1667 2916 ei
1696 2868 1889 2933 publice
1918 2885 2063 2916 causa

219 2940 280 2988 ad
309 2944 666 3009 quinquaginta
698 2954 933 3008 statereS,
974 2954 1023 2996 et
1048 2948 1244 2997 infamis
1272 2951 1418 3015 plane
1443 2959 1576 3012 erat,
1619 2967 1776 3016 neque
1806 2950 1947 2999 ullius
1976 2969 2060 3016 pu-

221 3023 377 3072 blicae
405 3028 471 3074 rei
500 3031 758 3096 particeps.
799 3030 1079 3091 (Aelian.
1107 3030 1245 3080 Var.
1278 3033 1421 3082 hist.
1453 3034 1565 3095 XII,
1603 3035 1709 3094 12.)

362 3275 610 3339 Byzantiis
638 3279 714 3327 lex
742 3289 871 3330 erat:
899 3279 948 3328 εἴ
970 3300 1042 3335 τις
1064 3276 1288 3344 ἁρπάσας
1317 3286 1580 3345 παρθένον
1607 3281 1812 3342 φθάσας
1843 3280 2059 3340 ποιήσειε

219 3362 474 3423 γυναῖκα,
516 3355 681 3422 γάμων
723 3364 856 3421 ἔχειν
898 3362 988 3422 τὴν
1029 3367 1224 3427 ζημίαν.
1280 3367 1333 3414 ld
1362 3376 1459 3415 est:
1502 3367 1550 3416 Si
1579 3368 1686 3431 quis
1715 3369 1952 3431 virginem
1984 3386 2055 3416 ra-
