2114 3642
699 215 1106 247 COMMENTAfflus
1133 212 1202 244 AD
1234 209 1336 246 1189.
1368 209 1471 243 1195.
1902 199 1995 246 581

157 343 358 407 impune
387 342 659 391 verberato.
709 342 803 401 Qui
832 359 949 389 vero
978 340 1305 388 adulteratum
1334 338 1449 404 quid
1477 338 1694 387 vendere
1722 348 2000 405 compertus

157 425 325 485 fuerit,
354 432 704 491 praeterquam
730 424 858 488 quod
886 424 1161 473 adulterato
1191 423 1493 486 privabitur,
1537 440 1628 486 pro
1658 423 1827 487 pretii,
1871 423 2000 486 quod

158 508 305 556 merci
333 508 649 568 constituerit,
681 507 1020 568 magnitudine
1048 507 1096 553 in
1125 505 1344 568 singulas
1373 505 1633 554 drachmas
1661 504 1867 568 singulis
1894 523 1998 554 ver-

159 592 354 640 beribus
380 590 577 653 flagello
605 591 820 639 caeditor
847 607 1091 654 praecone
1121 589 1341 637 adhibito
1371 589 1419 636 in
1450 590 1583 647 foro,
1612 605 1760 637 causa
1784 605 1997 652 pronun—

159 675 277 723 tiata
304 675 497 723 futura-e
525 674 897 721 verberationis.

298 770 355 817 In
382 767 544 817 Lesbo
585 768 906 832 piscariorum
946 768 1239 831 quicumque
1282 767 1411 815 facta
1442 762 1786 815 'aestimatione
1815 767 1998 832 piscem

156 852 299 901 alicui
329 850 499 899 vendit
525 851 764 899 minorem
792 851 950 915 pretio
992 849 1123 914 quod
1163 849 1311 906 dixit,
1354 850 1402 896 in
1443 849 1714 898 custodiam
1753 850 1999 915 extemplo

155 934 476 983 abducendus
512 942 609 993 est,
652 942 704 982 ut
742 941 1019 983 metuentes
1060 933 1213 996 digna
1253 932 1595 981 aestimatione
1637 933 1856 981 contenti
1892 950 1998 982 esse

155 1019 327 1067 malint
366 1035 511 1082 quam
550 1018 743 1082 vesperi
792 1017 986 1083 putidos
1031 1035 1201 1065 omnes
1254 1017 1450 1064 domum
1501 1016 1708 1064 auferre.
1763 1015 1997 1076 (Athe=

156 1117 353 1149 naeus
393 1100 479 1161 VI,
517 1101 661 1157 226.)

917 1192 1015 1245 Ad
1054 1192 1229 1245 1195.

300 1315 354 1362 ln
396 1314 553 1363 lexico
596 1314 756 1362 Photii
797 1332 842 1379 p.
873 1315 972 1361 665
1016 1313 1134 1362 haec
1174 1314 1430 1376 leguntur:
1473 1313 1648 1377 Lysias
1687 1314 1735 1360 in
1777 1313 1996 1362 oratione

154 1405 324 1446 contra
355 1396 631 1446 Aristonem
671 1396 786 1444 dicit
823 1396 946 1461 legis
986 1394 1042 1443 de
1084 1397 1257 1444 inertia
1292 1404 1538 1444 auctorem
1570 1414 1674 1445 esse
1703 1397 1995 1455 Draconem,

153 1498 251 1545 qua
279 1479 455 1528 deinde
483 1479 633 1528 Solon
662 1498 856 1544 quoque
886 1497 999 1528 usus
1029 1480 1114 1539 sit,
1158 1497 1369 1545 poenam
1399 1486 1619 1528 statuens
1648 1497 1749 1528 non
1777 1488 1995 1535 mortem,

154 1571 206 1611 ut
231 1565 392 1612 Draco
421 1563 559 1622 fecit,
600 1563 685 1611 sed
714 1563 990 1622 infamiam,
1032 1563 1069 1610 si
1106 1564 1212 1627 quis
1242 1570 1315 1611 ter
1341 1563 1780 1623 condemnaretur3
1821 1563 1895 1611 sin
1922 1579 1994 1611 se—

154 1647 247 1695 mel
275 1646 508 1695 mulc‘am
535 1653 734 1694 centum
762 1645 1121 1694 drachmarum.

295 1734 588 1789 Plutarchus
615 1759 809 1805 quoque
851 1740 967 1788 dicit
1009 1741 1084 1799 (in
1114 1741 1212 1788 vita
1244 1740 1440 1789 Solonis
1474 1740 1561 1800 17)
1591 1741 1784 1804 legibus
1812 1743 1992 1791 Draco-

151 1826 226 1872 nis
257 1823 482 1871 omnibus
510 1824 611 1872 fere
638 1824 823 1872 delictis
850 1825 1109 1889 capitalem
1140 1842 1352 1889 poenam
1382 1824 1526 1873 fuisse
1557 1825 1898 1885 constitutam,
1926 1825 1994 1873 ita

151 1916 204 1956 ut
230 1915 387 1955 morte
415 1907 561 1955 etiam
591 1908 1057 1972 nmlctarentur,qui
1088 1908 1169 1955 otii
1202 1908 1417 1955 damnati
1449 1915 1623 1955 essent.
1643 1936 1707 1940 —-
1740 1906 1819 1957 Ait
1845 1926 1992 1973 porro

153 1991 304 2051 (31),
333 1990 462 2056 quod
488 1990 649 2054 legem
678 1991 736 2039 de
765 1992 893 2050 otio,
923 1992 961 2039 si
990 1991 1387 2056 Theophrastum
1417 1991 1669 2053 audimus,
1700 2009 1798 2041 non
1827 1990 1991 2052 Solon,

150 2074 234 2123 sed
265 2073 545 2123 Pisistratus
571 2075 745 2131 tulerit,
763 2092 859 2139 qua
886 2082 931 2123 et
959 2092 1130 2137 agrum
1159 2075 1250 2122 coli
1280 2074 1560 2137 diligentius
1587 2082 1633 2122 et
1661 2075 1832 2123 urbem
1860 2083 1991 2124 trane

151 2157 425 2222 quilliorem
453 2158 577 2206 fecit.

292 2251 574 2301 Secundum
604 2252 907 2302 Herodotum
937 2255 1026 2312 (ΙΙ,
1059 2254 1185 2312 177)
1216 2251 1407 2302 Amasis
1442 2253 1601 2316 legem
1629 2252 1757 2302 illam
1788 2252 1989 2319 Aegyp-

148 2337 227 2385 tiis
256 2336 534 2395 constituit,
578 2342 628 2384 ut
654 2336 858 2401 quisque
887 2337 1152 2401 quotannis
1179 2336 1515 2400 profiteretur,
1547 2336 1674 2384 unde
1705 2336 1856 2385 vitam
1884 2354 1987 2386 sus*

149 2426 329 2468 tentet:
370 2420 451 2484 qui
493 2419 585 2468 hoc
626 2437 722 2467 non
763 2419 943 2467 faceret
971 2428 1018 2467 et
1047 2421 1317 2483 legitimum
1359 2419 1541 2468 victum
1577 2438 1674 2468 non
1705 2419 1987 2482 declararet,

147 2503 187 2551 is
216 2510 368 2551 morte
399 2503 712 2566 plecteretur.
765 2503 923 2563 Quam
965 2503 1125 2566 legem
1168 2502 1319 2552 Solon
1355 2504 1415 2550 ab
1447 2501 1707 2568 Aegyptiis
1736 2511 1988 2569 acceptam

150 2584 531 2634 Atheniensibus
559 2586 693 2645 tulit,
735 2587 815 2651 qui
845 2594 1083 2652 perpetuo
1110 2604 1168 2636 ea
1195 2593 1409 2635 utuntur.

291 2680 445 2729 Simili
474 2680 620 2728 modo
648 2681 815 2729 scribit
842 2681 1090 2730 Diodorus
1120 2681 1310 2731 Siculus
1340 2683 1403 2741 (Ι,
1437 2680 1555 2741 77);
1598 2679 1854 2747 Aegyptiis
1883 2682 1985 2731 uni-

148 2764 301 2813 versis
329 2764 604 2828 injunctum
631 2772 760 2824 erat,
802 2772 854 2812 ut
894 2765 1092 2813 nomina
1118 2765 1248 2830 apud
1277 2765 1592 2828 magistratus
1623 2766 1984 2830 profiterentur,

144 2847 420 2897 indicantes
448 2847 591 2896 simul
621 2865 716 2912 quo
744 2855 987 2913 proventu
1015 2856 1063 2897 et
1090 2850 1218 2899 vitae
1245 2866 1426 2914 genere
1453 2849 1634 2898 victum
1661 2850 1753 2898 sibi
1781 2850 1984 2916 quisque

147 2937 465 2994 compararet.
518 2930 753 2979 Mentitus
781 2939 863 2979 aut
890 2932 1123 2996 injustum
1162 2934 1356 2997 agitans
1385 2939 1641 2996 quaestum
1671 2933 1838 2998 mortis
1867 2952 1983 2999 poe·

147 3031 257 3062 nam
284 3013 581 3062 incurrebat.
634 3014 793 3073 Quam
832 3015 994 3078 legem
1035 3014 1186 3064 Solon
1221 3034 1250 3065 a
1277 3016 1675 3081 peregrinatione
1703 3017 1752 3065 in
1782 3016 1981 3082 Aegyp-

147 3105 245 3146 tum
276 3095 497 3146 Athenas
525 3096 798 3145 traduxisse
826 3098 990 3146 fertur.

292 3191 583 3241 Athenae
602 3209 666 3239 us
707 3191 789 3251 IV,
831 3193 955 3240 168:
998 3193 1343 3242 Menedemum
1375 3202 1422 3243 et
1450 3193 1795 3262 Asclepiadem
1822 3195 1978 3260 philo=

150 3275 356 3339 sophos,
400 3293 509 3323 cum
541 3275 749 3339 juvenes
788 3284 951 3325 essent
992 3284 1039 3324 et
1077 3294 1344 3341 pauperes,
1384 3278 1566 3328 accitos
1608 3278 1981 3342 interrogabant

148 3354 503 3423 Areopagitae,
543 3376 637 3423 quo
665 3365 834 3423 pacto,
876 3377 986 3408 cuni
1013 3359 1115 3409 dies
1143 3366 1268 3410 totos
1303 3361 1441 3411 otiosi
1483 3361 1790 3431 philosophis
1830 3379 1977 3411 nava=
