2114 3642
700 265 1107 300 COMMENTARIUS
1135 266 1202 299 Al)
1231 264 1336 300 1559.
1821 250 1922 298 639

85 387 204 441 οὔτε
230 392 278 439 οἱ
305 389 488 439 ναῦται
517 387 636 440 οὔτε
663 391 710 438 οἱ
737 389 1046 455 κυβερνῆται
1084 389 1384 459 ἐνάγονται·
1423 386 1513 438 ἐὰν
1540 386 1591 435 δὲ
1620 384 1648 446 ἦ
1680 387 1773 437 τοῦ
1804 385 1923 438 οἰνέ-

76 494 182 540 μου
220 476 312 540 βία
344 472 415 539 μή
456 475 532 534 εἴη
571 472 729 533 πολλή
769 477 858 522 καὶ
900 473 1153 539 δυναμένη
1193 477 1263 530 εἰς
1301 474 1477 523 αἰτίαν
1503 471 1809 539 λογισθῆναι
1839 472 1923 530 τῆς

81 555 328 614 ἀπωλείας
364 556 449 616 τῆς
487 560 651 622 ἑτέρας
689 553 835 615 νηὸς,
875 559 965 604 καὶ
993 551 1020 605 ὁ
1051 554 1358 621 κυβερνήτης
1395 558 1485 603 καὶ
1513 550 1540 604 ὁ
1571 551 1792 619 πρωρεῦς
1830 558 1922 602 καὶ

81 642 129 688 οἱ
167 639 353 690 ναῦται
392 637 665 708 ἐνάγονται
705 645 844 708 (pag.
879 642 1132 703 175,18).
1184 641 1241 691 Id
1270 649 1368 691 est:
1409 642 1549 690 Nave
1588 641 1639 689 in
1666 640 1811 689 aliam
1837 657 1921 688 na-

79 743 191 776 vem
227 727 532 793 impingente
574 725 806 790 illamque
841 725 1185 789 demergente,
1222 726 1262 773 si
1294 741 1476 789 magna
1502 723 1636 772 venti
1662 723 1808 773 fuerit
1834 722 1921 784 vis,

81 816 130 858 et
156 808 384 859 videatur
405 825 498 857 nec
525 826 549 858 e
578 809 765 858 malitia
791 826 883 857 nec
911 826 935 856 e
964 808 1270 871 negligentia
1303 806 1647 872 gubernatoris
1675 812 1724 853 et
1748 813 1921 855 nauta-

79 899 238 941 tarum
265 892 484 942 salvatae
523 892 663 941 navis
702 892 925 941 demersa
953 907 1079 952 esse,
1119 907 1211 939 neo
1236 898 1416 939 nautae
1444 907 1535 938 neo
1561 888 1921 952 gubernatores

79 976 129 1024 in
146 976 230 1041 jus
258 975 510 1025 ducuntur.
562 975 614 1025 Si
641 982 804 1025 autem
831 974 904 1023 vis
931 974 1065 1023 venti
1092 991 1191 1022 non
1220 973 1366 1023 fuerit
1391 989 1597 1036 magna,
1625 979 1679 1020 ut
1704 989 1805 1020 non
1832 988 1918 1036 po-

77 1059 226 1107 tuerit
251 1076 398 1110 causa
425 1079 530 1111 esse
558 1061 846 1127 perditionis
881 1059 1081 1109 alterius
1119 1058 1288 1120 naviS,
1330 1065 1378 1107 et
1405 1058 1706 1122 gubernator
1734 1064 1781 1106 et
1808 1075 1919 1121 pro-

79 1149 183 1190 reta
209 1151 257 1191 et
282 1151 462 1194 nautae
488 1146 539 1193 in
558 1146 642 1210 jus
669 1143 929 1192 ducuntur.

226 1239 327 1288 2-0.
371 1238 595 1286 Πολλῶν
633 1241 688 1286 ἐν
727 1233 897 1300 ταύτῷ
936 1234 1100 1300 καιρῷ
1139 1237 1209 1291 εἰς
1249 1236 1306 1283 ἓν
1338 1237 1521 1282 πλοῖον
1546 1227 1921 1297 εὑρισκομένων

79 1322 170 1368 καὶ
211 1318 430 1369 ἑκάστου
469 1320 674 1389 πρᾶγμα
716 1321 926 1382 Ξζγοντος
968 1317 1133 1376 ἴδιον,
1174 1315 1265 1367 ἐὰν
1302 1320 1500 1385 γένηται
1546 1314 1793 1370 κίνδυνος
1831 1317 1920 1362 καὶ

79 1403 372 1467 ἐκβληθῶσι
410 1409 500 1454 καὶ
534 1403 748 1469 ῥιφῶσιν
776 1404 869 1462 ἔξω
894 1406 951 1451 ἐν
976 1401 1034 1466 τῇ
1067 1399 1299 1464 θαλάσσῃ
1325 1400 1429 1450 τῶν
1455 1405 1511 1450 ἐν
1537 1399 1599 1463 τῇ
1637 1401 1726 1459 νηῒ·
1760 1417 1921 1466 πραγ-

74 1484 254 1549 μάτων
279 1485 392 1536 τινά
411 1526 424 1547 ,
464 1487 568 1536 εἶτα
597 1485 854 1552 περισωθῇ
879 1490 939 1535 ἐκ
973 1484 1066 1534 τοῦ
1106 1483 1360 1534 κινδύνου
1400 1480 1426 1544 ἦ
1457 1483 1612 1542 ναῦς,
1653 1486 1744 1531 καὶ
1773 1477 1800 1531 ὁ
1824 1484 1921 1546 μὲν

79 1568 181 1619 τῶν
218 1574 274 1619 ἐν
312 1569 442 1634 αὐτῇ
484 1574 637 1620 πλέον
675 1565 862 1633 εὑρεθῇ
903 1568 1039 1618 σῶον
1085 1569 1218 1631 ἔχων
1257 1565 1378 1631 ὅπερ
1417 1566 1684 1636 εἰσήγαγεν
1722 1569 1791 1622 εἰς
1830 1562 1920 1623 τὴν

80 1652 244 1711 ναῦν,
286 1648 314 1701 ὁ
344 1652 393 1702 δὲ
423 1657 691 1719 ζημιωθεὶς
718 1657 809 1700 καὶ
837 1648 1085 1707 ἀπολέσας
1120 1646 1150 1700 ὃ
1176 1656 1469 1716 ἐπεφέρετο,
1511 1649 1592 1698 διὰ
1619 1648 1677 1698 τὸ
1707 1648 1920 1713 ἀπορρι-

78 1734 239 1797 φῆναι
265 1736 421 1786 τοῦτο
449 1742 504 1786 ἐν
529 1736 588 1800 τῇ
620 1734 872 1799 θαλάττῃ,
913 1737 1109 1803 γίνεται
1138 1733 1447 1800 συνεισφορὰ
1478 1731 1609 1799 παρὰ
1637 1733 1739 1783 τῶν
1765 1730 1918 1795 ἐχόν-

78 1837 180 1867 των
205 1817 265 1867 τά
294 1822 461 1869 οἰκεῖα
490 1818 758 1888 πράγματα
785 1823 876 1867 καὶ
904 1816 1283 1883 ἀναπληροῦται
1307 1825 1410 1875 τοῖς
1438 1822 1763 1882 ζημιωθεῖσιν
1788 1811 1917 1865 ὁπό-

80 1918 173 1950 σον
200 1901 569 1967 ἕζημιώθησαν,
598 1907 701 1953 ἐπεὶ
727 1901 821 1961 τήν
846 1900 1088 1961 τοιαύτην
1117 1904 1300 1966 ζημίαν
1327 1899 1407 1949 διὰ
1431 1898 1724 1960 τὴνκοινην
1751 1898 1916 1948 ἀπάν-

79 2004 180 2035 των
205 1984 309 2035 τῶν
333 1990 389 2036 ἐν
414 1986 485 2052 τῷ
514 1989 677 2052 πλοίῳ
705 1988 954 2052 σωτηρίαν
977 1980 1271 2051 ὑπέμειναν.
1325 1988 1426 2033 Καὶ
1465 1984 1569 2033 πᾶν
1604 1980 1774 2041 ἆπλῶς
1800 1983 1851 2033 εἴ
1869 2003 1915 2032 τι

80 2066 163 2116 διὰ
189 2066 284 2129 τὴν
308 2068 497 2130 κοινὴν
523 2066 765 2120 ἁπάντων
792 2072 1039 2135 σωτηρίαν
1064 2068 1295 2135 ἐκβληθῇ
1325 2073 1384 2118 ἐκ
1409 2068 1496 2127 τῆς
1522 2066 1640 2128 νηὸς
1666 2070 1757 2115 καὶ
1785 2064 1916 2114 ἀπο·

79 2153 269 2217 λεσθῇ,
312 2158 692 2219 συνεισφέρουσι
732 2152 912 2210 πάντες
951 2155 998 2202 οἱ
1038 2157 1094 2202 ἐν
1129 2152 1200 2217 τῴ
1228 2153 1391 2216 πλοίῳ
1418 2155 1507 2200 καὶ
1536 2148 1918 2215 ἀποπληροῦσιν

79 2233 210 2286 αὐτό
249 2242 388 2307 (pag.
421 2239 534 2301 175,
562 2239 687 2299 21.)
738 2238 795 2289 Id
822 2246 920 2287 est:
960 2238 1126 2287 Multis
1166 2255 1263 2286 uno
1305 2236 1576 2302 eodemque
1617 2243 1836 2302 tempore
1864 2236 1915 2284 in

79 2341 177 2373 una
202 2341 331 2374 nave
359 2322 805 2384 commorantibus,
847 2330 892 2371 et
925 2321 1119 2387 singulo
1147 2338 1286 2371 suam
1313 2338 1415 2370 rem
1443 2320 1684 2382 habente,
1723 2320 1763 2369 si
1789 2320 1914 2385 peri-

80 2407 244 2456 culum
271 2409 455 2457 oriatur
481 2415 529 2457 et
553 2408 605 2456 in
631 2423 765 2456 mare
784 2406 1034 2472 jaciantur
1065 2403 1303 2470 quaedam
1331 2422 1356 2453 e
1385 2405 1530 2453 rebus
1557 2420 1682 2468 quae
1709 2404 1760 2452 in
1787 2420 1913 2452 nave

77 2498 217 2551 sunt,
257 2490 432 2540 deinde
460 2491 600 2539 navis
625 2490 886 2540 incolumis
913 2495 1157 2551 servetur,
1187 2496 1234 2538 et
1260 2506 1385 2538 unus
1413 2488 1610 2553 quidem
1637 2487 1746 2553 plus
1774 2503 1913 2552 repe-

81 2573 233 2622 riatur
271 2573 487 2624 salvasse
528 2590 696 2623 eorum
722 2591 847 2638 quae
873 2574 923 2622 in
949 2589 1126 2622 navem
1150 2572 1339 2635 intulit,
1379 2572 1505 2621 alter
1527 2588 1646 2620 vero
1666 2571 1913 2637 jacturam

78 2673 255 2722 passus
283 2673 389 2706 esse
418 2665 465 2706 et
489 2657 734 2717 amisisse,
777 2673 899 2721 quae
926 2656 1236 2723 importavit,
1272 2673 1421 2721 quum
1446 2654 1540 2703 hoo
1565 2655 1615 2702 in
1640 2671 1773 2703 mare
1800 2671 1913 2719 pro-

73 2739 260 2806 jectum
286 2739 460 2802 fuerit,
499 2740 554 2788 fit
579 2740 830 2789 intributio
864 2741 924 2789 ab
951 2739 1036 2801 iis,
1075 2739 1156 2805 qui
1183 2755 1294 2788 suas
1320 2755 1397 2788 res
1424 2737 1588 2787 salvas
1614 2737 1822 2798 habent,
1865 2743 1913 2785 et

78 2823 337 2873 resarcitur
364 2821 597 2872 damnum
628 2824 874 2888 jacturam
906 2822 1090 2888 passis;
1130 2823 1243 2887 quia
1270 2820 1510 2887 ejusmodi
1541 2819 1775 2868 damnum
1801 2836 1911 2883 pro-

76 2913 188 2972 pter
214 2922 523 2955 communem
550 2907 796 2968 omnium,
823 2906 904 2971 qui
928 2906 980 2954 in
1006 2922 1134 2955 nave
1162 2912 1301 2967 sunt,
1328 2905 1536 2954 salutem
1561 2903 1911 2953 sustinuerunt.

77 2987 143 3038 Et
168 2989 461 3051 universim,
496 2988 536 3037 si
563 2988 679 3053 quid
706 2996 909 3055 propter
935 3005 1244 3038 communem
1270 2988 1486 3037 omnium
1513 2987 1721 3036 salutem
1748 3004 1772 3035 e
1798 2985 1912 3035 navi

76 3072 352 3137 projectum
380 3079 426 3120 et
452 3071 686 3120 amissum
712 3072 880 3132 fuerit,
909 3088 1105 3132 omnes,
1135 3071 1216 3135 qui
1241 3071 1293 3118 in
1319 3087 1446 3119 nave
1474 3077 1612 3130 sunt,
1639 3068 1913 3118 intribuunt

77 3162 125 3204 et
149 3156 422 3204 resarciunt
446 3153 580 3203 illud.

219 3238 321 3287 3-0.
353 3234 426 3284 Τά
448 3236 547 3300 μὲν
572 3231 921 3285 ἅπολεσθίντα
948 3232 1217 3302 πράγματα
1244 3230 1589 3298 ἄποτιμῶνται
1609 3227 1772 3298 πρὸςὸ
1789 3229 1909 3298 ἦγο-

77 3316 355 3382 ράσθησαν,
383 3317 444 3367 τά
473 3318 523 3366 δὲ
553 3320 781 3366 σωθέντα
808 3317 931 3381 πρὸς
960 3312 990 3365 ὂ
1016 3315 1261 3366 δύνανται
1291 3315 1511 3376 δοθῆναι
1529 3333 1538 3343 ·
1565 3315 1720 3365 τοῦτο
1749 3313 1799 3362 δὲ
1826 3316 1909 3381 γί-

77 3420 242 3459 νεται,
282 3403 366 3451 ἵνα
408 3397 433 3462 ἦ
475 3403 622 3467 ζημία
652 3405 726 3449 ἐπ’
755 3398 935 3468 ὀλίγον
964 3399 1212 3463 συσταλῇ,
1252 3397 1309 3448 τὸ
1352 3399 1401 3450 δὲ
1439 3400 1615 3467 κέρδος
1652 3400 1733 3447 ἐπὶ
1761 3400 1911 3446 πλέον
