2114 3642
573 238 979 272 COMMENTARIUS
1005 239 1074 270 AD
1104 235 1206 269 1560.
1235 235 1339 269 1562.
1368 233 1471 268 1565.
1835 219 1930 266 641

101 361 324 410 navalem
367 362 669 413 Rhodiorum
708 360 986 425 εὐνομίαν,
1038 382 1184 429 quam
1234 372 1281 412 et
1319 362 1555 428 imprimis
1596 359 1938 410 admirabilem

101 443 248 491 fuisse
274 445 365 504 ait,
408 454 454 493 et
481 448 700 496 effecisse
733 457 785 495 ut
811 449 989 496 Rhodii
1026 449 1232 513 imperio
1273 447 1417 495 maris
1458 445 1758 510 potirentur,
1799 444 1939 492 liberi

101 525 271 590 suique
303 528 430 591 juris
469 539 725 579 manerent
765 539 811 579 et
845 549 873 578 a
900 533 1132 579 Romanis
1161 532 1363 595 aliisque
1392 527 1619 591 gentibus
1647 527 1936 575 colerentur.

101 607 308 673 Scripsit
334 611 423 658 hoc
452 610 631 660 Strabo
660 620 877 676 tempore
909 614 1128 674 Augusti.
1158 611 1435 676 Augustum
1464 619 1629 659 autem
1656 610 1937 658 confirmas-

101 709 151 739 se
179 693 339 756 legem
366 694 632 756 Rhodiam,
662 697 794 743 testis
824 706 895 744 „st
923 696 1155 744 Volusius
1182 696 1476 744 Maecianus.
1506 692 1709 742 Rhodiis
1740 691 1939 740 liberta-

99 782 200 823 tem
227 776 400 825 dicitur
428 777 695 826 reddidisse
725 778 956 826 Claudius
983 780 1276 843 imperator,
1318 778 1560 826 ademisse
1603 793 1718 824 vcro
1754 774 1939 839 Vespa-

101 859 279 908 sianus.
334 860 429 908 Sed
472 861 594 925 legis
632 861 852 911 Rhodiae
891 879 1004 910 usus
1045 870 1092 910 et
1130 863 1367 910 autoritas
1406 859 1721 908 nihilominus
1754 858 1941 906 Romae

101 943 327 990 iiiansit.“

247 1026 608 1092 „Praecipuum
632 1029 753 1092 legis
769 1029 988 1077 Rhodiae
1005 1029 1228 1077 nauticae
1257 1033 1406 1092 caput
1434 1027 1526 1076 fuit
1552 1025 1611 1074 de
1635 1026 1787 1090 jactu.
1817 1026 1940 1075 Fue-

101 1115 215 1156 runt
241 1115 406 1158 tamen
434 1119 481 1158 et.
515 1111 610 1160 alia
647 1113 834 1177 capita,
874 1111 1022 1159 veluti
1062 1112 1120 1160 de
1162 1110 1434 1172 naufragiis
1475 1117 1522 1156 et
1561 1109 1758 1173 piratis,
1800 1108 1942 1158 sicuti

100 1190 383 1242 Maecianus
410 1195 606 1244 indicat.
662 1195 759 1244 Sed
788 1205 834 1244 et
862 1195 1034 1244 Cicero
1063 1195 1122 1256 (d
1141 1214 1164 1243 e
1196 1196 1302 1241 inv
1320 1201 1439 1242 ent.
1470 1193 1532 1251 II,
1562 1192 1656 1251 32)
1692 1194 1746 1241 le
1764 1210 1793 1241 x
1833 1199 1941 1253 est,

102 1276 285 1340 inquit,
327 1278 492 1342 apud
533 1279 849 1338 Rhodios,
902 1286 966 1325 ut
1016 1279 1066 1325 si
1119 1295 1238 1342 qua
1289 1283 1583 1324 rostrata
1632 1277 1694 1323 in
1745 1283 1944 1340 portu

102 1360 292 1409 navis
333 1361 751 1427 deprehensa
801 1363 910 1419 sit,
964 1362 1357 1426 publicetur.
1415 1361 1539 1409 Eam
1578 1368 1742 1408 tamen
1782 1360 1945 1422 legem

102 1443 308 1492 Romani
336 1463 434 1494 non
463 1454 576 1494 sunt
602 1448 801 1503 imitati,
831 1463 922 1494 nec
949 1446 1084 1494 illam
1112 1446 1400 1511 capitalem,
1434 1461 1558 1508 quae
1586 1443 1946 1507 introspicienti

101 1545 282 1576 arcana
309 1530 552 1593 quaedam
580 1530 854 1593 navalium,
895 1530 1121 1577 ultimum
1155 1529 1449 1594 supplicium
1476 1527 1754 1591 irrogabat,
1796 1533 1849 1574 ut
1875 1525 1944 1573 'te-

100 1611 186 1659 stis
227 1619 300 1660 est
340 1611 516 1661 Strabo
556 1613 636 1661 lib.
665 1606 802 1673 XIV,
845 1629 950 1677 cap.
982 1614 1026 1673 2,
1069 1610 1111 1676 ξ.
1143 1612 1220 1660 5.“
1276 1611 1582 1672 (Balduin
1599 1628 1692 1658 us:
1732 1611 1806 1658 De
1836 1609 1945 1672 lege

100 1692 337 1755 Rhodia.)

243 1778 380 1837 Quae
409 1796 519 1826 cum
546 1780 614 1826 ita.
640 1779 761 1838 sint,
805 1779 949 1827 facile
988 1777 1301 1838 crediderim,
1342 1778 1502 1841 legem
1531 1776 1776 1826 Rhodiam
1801 1776 1946 1824 etiam

102 1860 306 1909 Athenis
335 1861 617 1926 adoptatam
646 1863 807 1910 fuisse.

873 1930 971 1982 Ad
1003 1931 1189 1983 1560.

244 2041 361 2090 Lex.
405 2033 611 2104 Seguer.
647 2061 692 2107 p.
734 2042 860 2090 434:
896 2037 1293 2102 Ἀπόρρητα,
1335 2037 1501 2086 πάντα
1541 2035 1602 2084 τά
1645 2035 1946 2102 ἀπειρημένα

103 2127 192 2170 καὶ
220 2121 596 2190 ἀπηγορευμένα
626 2128 679 2171 ἐν
705 2130 808 2177 τοῖ51
839 2121 1010 2186 νόμοις
1041 2125 1288 2189 λέγουσιν.
1321 2125 1370 2183 (Ι
1386 2142 1417 2171 n
1435 2141 1458 2171 e
1477 2123 1751 2171 ffabilia
1778 2124 1946 2172 dicunt

104 2209 267 2257 omnia
294 2226 418 2273 quae
447 2209 638 2271 legibus
665 2208 925 2257 interdicta
951 2216 1070 2256 sunt
1097 2216 1144 2256 et
1171 2209 1365 2267 vetita.)

871 2347 970 2400 Ad
995 2349 1183 2401 1562.

245 2459 418 2523 Lysias
447 2477 484 2508 c.
514 2460 901 2508 Theomnestum
929 2460 1077 2524 prior.
1107 2456 1148 2524 ξ.
1180 2459 1270 2506 30:
1313 2451 1339 2503 (i
1373 2461 1654 2519 νομοθέτης
1696 2454 1947 2521 οὐδεμίαν

105 2536 227 2605 ὀργῇ
258 2540 561 2607 συγγνώμην
589 2540 821 2599 δίδωσιν,
864 2539 990 2588 ἀλλὰ
1022 2546 1190 2603 ζημιοῖ
1214 2539 1308 2588 τὸν
1335 2541 1567 2601 [κακῶς]
1595 2544 1826 2606 λέγοντα,
1857 2538 1948 2588 ἐὰν

97 2621 167 2685 μὴ
197 2621 462 2686 ἀποφαίνῃ
491 2622 553 2680 ὥς
583 2630 717 2673 ἐστιν
743 2623 909 2682 ἀληθῆ
938 2622 997 2671 τά
1027 2626 1271 2689 ὲίρημένα.
1302 2625 1525 2685 (Nullam
1553 2625 1837 2674 iracundiae
1866 2642 1946 2673 ve-

104 2710 235 2757 niam
275 2709 357 2757 dat
395 2709 672 2773 legislator,
712 2727 884 2758 verum
925 2727 1110 2774 poenas
1147 2727 1175 2757 a
1214 2709 1543 2757 conviciatore
1586 2710 1758 2769 sumit,
1799 2709 1849 2756 ni
1893 2725 1949 2756 ea

105 2810 228 2855 quae
258 2791 436 2841 dixerit
462 2810 581 2841 vcra
609 2809 713 2841 esse
744 2793 1087 2851 demonstret.)

867 2933 966 2985 Ad
992 2933 1180 2985 1565.

246 3043 626 3109 Xenophon.
657 3042 879 3093 Athen.
909 3061 1069 3108 resp.
1100 3044 1162 3102 II,
1195 3043 1284 3089 18:
1328 3042 1522 3090 Salibus
1552 3045 1749 3092 comicis
1777 3044 1827 3090 in
1857 3061 1940 3108 po-

104 3127 276 3192 pulum
304 3127 410 3191 agi,
452 3143 658 3190 eumque
698 3126 949 3190 proscindi
991 3126 1223 3174 conviciis
1262 3142 1365 3173 non
1403 3126 1655 3188 patiuntur
1679 3126 1946 3174 Athenien-

106 3226 210 3269 ses,
250 3227 309 3257 ne
337 3210 534 3274 ipsimet
573 3209 696 3257 male
739 3208 965 3269 audiant,
1006 3208 1089 3256 sed
1128 3209 1359 3273 privatim
1394 3210 1729 3274 praecipiunt,
1771 3210 1808 3255 si
1838 3208 1944 3271 quis

106 3291 317 3355 aliquem
343 3293 473 3340 velit.
526 3292 721 3339 Norunt
761 3292 892 3339 enim
931 3291 1218 3355 plerumque
1258 3308 1360 3338 non
1396 3309 1419 3338 e
1447 3293 1660 3357 populo,
1701 3306 1859 3354 neque
1888 3290 1945 3338 de

106 3373 253 3436 plebe
280 3374 418 3423 illuni
445 3391 575 3433 esse,
605 3374 686 3437 qui
714 3373 763 3420 in
793 3373 1059 3422 comoediis
1088 3374 1388 3435 exagitetur,
1424 3374 1508 3423 sed
1538 3376 1615 3423 vol
1643 3375 1944 3439 opulentum,

1608 3457 1658 3497 41
