2114 3642
149 279 250 327 438
763 290 1170 324 commeravimus
1200 291 1265 320 Λῑ)
1296 289 1375 323 159.

149 422 254 471 duit
293 440 375 471 eos
415 424 464 471 in
504 421 757 471 consilium
800 417 1034 465 adhibere
1070 418 1436 467 Hermodorum
1463 416 1732 482 Ephesium
1771 418 1983 482 philoso-

147 505 320 570 phum,
362 523 505 571 quem
551 504 850 569 Pomponius
892 501 1026 561 (lib.
1071 502 1116 549 2.
1158 499 1200 565 ξ.
1242 504 1285 550 4.
1325 503 1384 550 D.
1428 501 1499 549 cle
1542 501 1696 565 orig.
1730 503 1880 567 jur.)
1921 502 1987 550 ait

147 595 365 637 autorem
392 588 538 636 fuisse
567 587 679 636 XII.
711 586 1019 644 tabularum,
1059 585 1247 632 Plinius
1285 591 1448 634 autem
1489 584 1749 645 (XXXIV,
1782 585 1872 644 11)
1912 585 1984 633 in-

145 679 409 735 terpretem
439 677 583 718 vocat
611 687 778 718 earum
804 670 996 732 legum,
1043 686 1163 733 quas
1191 668 1456 718 decemviri
1483 667 1717 717 ferebant.

288 765 351 813 Hi
380 764 665 823 decemviri,
701 772 824 813 teste
852 764 1089 829 Dionysio
1119 764 1207 824 (X,
1239 766 1346 825 57),
1388 764 1522 826 leges
1551 764 1855 830 conscriptas
1882 771 1985 812 tum

145 868 168 898 e
197 849 501 898 Graecorum
521 848 661 912 jure,
703 856 806 896 tum
835 865 858 895 e
887 847 986 895 suis
1016 847 1236 895 moribus
1262 865 1363 896 non
1391 848 1609 911 scriptis,
1639 848 1688 895 in
1716 847 1887 896 decem
1913 854 1984 896 ta-

142 933 269 981 bulis
308 932 511 981 cuilibet
552 931 924 996 cognoscendas
978 939 1369 996 proposuerunt,
1426 932 1643 979 omnium
1684 931 1984 996 privatorum

142 1016 497 1064 correctionem
537 1015 851 1065 admittentes
868 1054 878 1074 ,
923 1023 972 1062 et
998 1015 1091 1064 hoc
1118 1022 1321 1078 agentes
1349 1022 1401 1062 ut
1427 1014 1562 1077 leges
1590 1014 1800 1079 scriptae
1829 1014 1983 1063 omni-

140 1100 229 1147 bus
256 1098 524 1163 placerent.
579 1099 770 1163 Diuque
798 1099 846 1146 in
876 1098 1075 1164 publico
1116 1115 1226 1146 cum
1254 1099 1448 1163 optimis
1476 1097 1752 1163 quibusque
1780 1097 1898 1146 viris
1925 1097 1983 1145 de

138 1182 195 1228 iis
222 1181 418 1245 legibus
446 1182 811 1242 consultarunt,
842 1199 922 1230 eas
950 1181 1314 1230 accuratissime
1343 1181 1692 1230 examinantes.
1740 1180 1840 1230 Ubi
1867 1198 1982 1229 vero

137 1265 273 1329 leges
312 1265 524 1330 scriptae
567 1265 700 1314 visae
744 1272 857 1313 sunt
892 1265 1008 1314 satis
1048 1265 1175 1313 bene
1212 1264 1422 1324 habere,
1463 1264 1676 1330 primum
1709 1272 1879 1314 coacto
1909 1281 1982 1313 se-

138 1354 281 1409 natu,
311 1349 507 1397 nemine
536 1349 748 1414 amplius
779 1366 859 1397 eas
886 1347 1020 1412 leges
1050 1347 1471 1413 reprehendente,
1501 1347 1982 1397 senatusconsultum

138 1431 197 1479 de
223 1431 342 1496 ipsis
370 1431 606 1481 fecerunt.
641 1431 831 1480 Deinde
860 1432 1047 1497 populo
1076 1432 1138 1480 ad
1166 1432 1366 1481 comitia
1393 1431 1664 1480 centuriata
1690 1439 1981 1493 convocato,

137 1516 480 1580 pontificibus,
521 1515 819 1578 auguribus,
862 1515 1064 1580 aliisque
1093 1515 1432 1564 sacerdotibus
1459 1516 1830 1580 praesentibus,
1868 1533 1980 1564 cen-

136 1599 285 1648 turias
311 1600 361 1648 in
389 1600 625 1664 suffragia
651 1598 905 1648 miserunt.
960 1600 1119 1662 Leges
1160 1607 1322 1649 autem
1351 1599 1611 1664 plebiscito
1641 1617 1835 1664 quoque
1865 1617 1980 1648 con-

138 1684 350 1731 firmatas
379 1683 501 1732 etin
529 1683 684 1732 aereis
725 1683 964 1732 columnis
1005 1683 1210 1743 incisas,
1250 1683 1300 1731 in
1337 1683 1444 1732 loco
1486 1682 1576 1731 fori
1617 1684 1829 1733 maxime
1866 1700 1979 1732 con-

135 1765 304 1830 spicuo
332 1765 502 1815 ordine
532 1765 807 1831 dispositas
823 1774 1200 1831 proposuerunt.

277 1848 497 1897 Tabulas
525 1856 689 1897 autem
717 1857 958 1899 vocarunt
983 1850 1254 1898 imitatione
1285 1849 1688 1912 Atheniensium,
1731 1851 1811 1916 qui
1840 1850 1975 1900 Solo-

136 1931 209 1980 nis
236 1930 368 1993 lcges
398 1931 590 1980 tabellis
616 1932 885 1999 insculptas
913 1932 1230 1998 appellarunt
1257 1925 1455 1989 ἄξονας.

277 2015 350 2063 Ex
367 2016 701 2079 eononlonge
725 2016 988 2064 abiverunt
1003 2017 1215 2065 Romani
1240 2017 1289 2064 in
1317 2017 1532 2066 ferendis
1559 2017 1749 2081 legibus
1778 2014 1975 2068 aGrae-

136 2115 298 2147 corum
323 2099 512 2147 ratione
530 2099 698 2163 legum
721 2099 1095 2148 sciscendarum.
1123 2100 1439 2162 Magistratus
1460 2117 1636 2166 nempe
1664 2102 1826 2166 legem
1854 2103 1976 2150 latu-

134 2200 214 2229 rus
242 2181 493 2231 scribebat
519 2199 627 2231 eam
656 2182 786 2230 domi
815 2190 862 2231 et
889 2200 999 2231 cum
1026 2183 1196 2248 peritis
1236 2185 1577 2244 consultabat,
1620 2202 1680 2233 ne
1719 2185 1834 2250 quid
1863 2202 1976 2233 con-

134 2272 209 2313 tra
234 2266 403 2331 populi
430 2283 531 2314 rem
559 2273 643 2314 aut
669 2266 974 2315 voluntatem
1002 2267 1239 2327 sanciret3
1267 2286 1327 2316 ne
1359 2268 1485 2317 forte
1514 2269 1788 2334 pugnantia
1813 2269 1976 2333 capita

135 2349 275 2397 simul
302 2349 462 2398 ferret.
516 2349 797 2413 Legislator
836 2349 998 2412 legem
1030 2367 1168 2399 suam
1203 2351 1449 2400 referebat
1475 2352 1535 2400 ad
1563 2359 1816 2413 senatum,
1859 2360 1911 2400 ut
1936 2351 1976 2399 is

135 2433 429 2481 sententiam
456 2432 514 2481 dc
542 2449 600 2481 ea
626 2434 791 2481 ferret.
846 2434 1037 2482 Deinde
1065 2435 1143 2483 lex
1170 2435 1219 2482 in
1248 2435 1446 2500 publico
1475 2435 1780 2499 ponebatur,
1821 2441 1874 2483 ut
1900 2435 1971 2483 in-

135 2516 372 2581 spiceret,
402 2516 483 2580 qui
511 2515 685 2577 vellet3
725 2517 914 2582 hocque
942 2535 1028 2582 per
1055 2518 1206 2567 trinas
1234 2519 1478 2568 nundinas
1516 2518 1857 2579 (trinundino)
1887 2518 1972 2566 du-

137 2600 300 2660 rabat,
341 2607 394 2647 ut
435 2600 580 2648 etiam
609 2617 636 2648 a
664 2601 844 2650 rustica
871 2601 1018 2667 plebe
1046 2610 1118 2651 ter
1143 2602 1242 2664 legi
1269 2602 1595 2666 cognoscique
1624 2609 1802 2667 posset.
1857 2602 1974 2650 Post

136 2683 301 2731 tertias
329 2684 573 2731 nundinas
600 2685 917 2747 magistratus
945 2686 1187 2750 populum
1213 2687 1533 2735 convocabat.
1575 2686 1648 2734 Ibi
1676 2703 1786 2734 cum
1813 2686 1973 2749 legem

137 2781 312 2828 praeco
340 2766 616 2827 recitasset,
657 2775 759 2815 tum
802 2769 1010 2833 primum
1040 2769 1235 2833 quidem
1261 2770 1326 2829 is,
1369 2771 1448 2834 qui
1489 2770 1649 2833 legem
1688 2769 1967 2833 promulga-

137 2855 297 2906 verat,
338 2850 521 2913 populo
548 2850 817 2911 svadcbat,
858 2858 911 2898 ut
950 2851 1255 2914 rogationem
1298 2852 1568 2916 acciperet,
1610 2851 1694 2900 sed
1722 2860 1833 2917 post
1861 2869 1972 2900 eum

136 2927 239 2987 alii,
277 2946 373 2976 non
402 2931 578 2995 privati
606 2932 780 2993 modo,
820 2949 988 2981 verum
1029 2933 1176 2982 etiam
1216 2934 1510 2999 quandoque
1539 2935 1852 2997 magistratus
1876 2935 1969 3000 ipsi

138 3011 214 3058 vel
243 3012 514 3061 svadcbant
541 3015 619 3062 vel
648 3015 985 3064 ‹lisva‹lebant.
1023 3016 1124 3064 Lex
1155 3025 1325 3081 rogata
1352 3035 1376 3065 e
1405 3019 1586 3083 majore
1615 3017 1831 3066 tribuum
1857 3035 1968 3067 cen-

135 3095 433 3142 turiarumve
460 3113 663 3145 numero
691 3116 780 3161 per
807 3100 1042 3162 suffragia
1069 3100 1147 3146 vcl
1174 3101 1522 3165 antiquabatur
1550 3101 1626 3148 vel
1654 3100 1966 3167 sciscebatur.

137 3176 268 3225 Scita
295 3184 439 3240 atquc
467 3188 697 3245 accepta,
740 3184 956 3231 omnium
994 3183 1175 3231 civium
1207 3184 1530 3248 jurejurando
1559 3184 1966 3244 confirmabatur,

136 3268 183 3307 et
210 3259 385 3308 deinde
412 3260 461 3305 in
489 3278 567 3308 aes
596 3265 913 3314 incidebatur.

277 3342 373 3391 Sed
401 3353 619 3392 ccssantc
649 3349 899 3412 republica
926 3351 1133 3399 Romani
1176 3352 1330 3398 multo
1369 3350 1622 3398 inferiores
1651 3358 1789 3399 crant
1817 3349 1964 3398 Athe-

135 3425 385 3472 niensibus
412 3426 461 3472 in
491 3426 674 3476 ratione
704 3431 866 3493 legum
908 3432 1241 3481 ferendarum.
1286 3433 1395 3497 quia
1425 3440 1539 3481 tunc
1568 3433 1711 3481 ctiam
1743 3442 1961 3483 senatus-
