2114 3642
215 252 319 301 494
659 261 1063 299 coMMEN'rAnms
1093 260 1159 292 Αῐ)
1188 257 1269 293 605.
1297 258 1377 294 606.
1406 259 1488 294 608.
1518 258 1599 294 609.

360 397 461 446 9-0.
501 396 680 461 Lysiae
714 386 881 437 κατὰ
925 386 1243 451 Θεοπόμπου.
1295 390 1369 438 De
1398 390 1714 450 verberibus,
1755 386 1803 438 id
1832 396 1928 450 est,
1974 387 2058 434 αι’-

217 481 346 534 κίας.
388 480 611 543 (Fragm.
650 476 785 533 109.)

362 576 492 622 ῙΟ-ο.
536 572 710 637 Lysiae
750 565 919 615 κατὰ
961 569 1345 630 Στρατοκλέους
1385 565 1600 626 ἐξούλης,
1656 569 1880 631 (prag-m·
1911 566 2055 624 212.)

218 658 341 708 Vide
370 659 453 707 Nr.
482 656 582 703 8-0.

365 740 490 787 11-ο.
531 737 709 802 Lysiae
737 731 906 782 κατὰ
941 734 1202 781 Φιλίππου
1260 734 1331 783 De
1362 735 1528 784 tutela.
1570 735 1794 797 (Fragm.
1826 732 1970 791 230.)

360 835 492 882 12-0.
534 832 768 881 Dinarchi
796 826 967 876 κατὰ
1015 826 1383 878 Ποσειδίππου.
1423 831 1498 879 De
1527 830 1669 879 furto,
1709 827 1872 889 (Orat.
1903 827 1982 875 48.
2009 827 2058 874 in

215 920 386 982 fragm.
416 915 548 965 Car.
581 915 860 972 Muller.)
903 915 1086 963 Iterum
1114 929 1234 976 ergo
1262 912 1320 960 de
1349 913 1514 976 iniquo
1545 913 1687 961 facto.

354 1012 674 1060 Differentiae
702 1011 830 1059 inter
858 1010 1075 1058 actiones
1114 1009 1174 1056 in
1216 1015 1263 1057 et
1304 1007 1622 1056 adversus
1663 1007 1875 1072 aliquem
1912 1005 2060 1053 etiam

211 1097 260 1145 in
299 1094 589 1144 scholiastae
629 1100 922 1158 argumento
963 1093 1025 1142 ad
1062 1091 1411 1142 Demosthenis
1452 1091 1743 1156 Leptineam
1783 1090 1964 1149 (452)
2004 1089 2055 1135 fit

213 1180 422 1239 mentiO,
475 1179 559 1227 ubi
600 1177 802 1226 dicitur:
856 1169 883 1222 ὁ
927 1172 1084 1237 πρὸς
1126 1176 1382 1232 Λεπτίνην
1426 1172 1575 1240 λόγος
1626 1169 1914 1240 ἐπι-γραφὴν
1953 1171 2053 1232 ἔχει

211 1258 480 1319 τοιαύτην,
522 1256 778 1322 ἐπειδήπερ
820 1255 1169 1321 παρελθόντος
1210 1256 1305 1305 τοῦ
1335 1254 1564 1320 χρόνου,
1607 1260 1662 1304 ἐν
1690 1249 1729 1320 ᾧ
1762 1250 2057 1309 ὑπεύθυνος

214 1339 276 1402 ἦν
314 1344 478 1407 κρίσει
518 1345 608 1390 καὶ
648 1342 862 1405 τιμωρίᾳ
904 1339 1116 1408 γράφων
1168 1360 1239 1396 τις
1287 1338 1476 1403 νόμον,
1530 1341 1768 1401 ἐφαίνετο
1810 1340 2058 1396 Λεπτίνης

213 1424 523 1484 ἀκίνδυνος,
565 1421 694 1473 ὅθεν
732 1422 888 1488 πρὸς
929 1421 1169 1481 αὐτὸν,
1212 1421 1322 1471 ἀλλ’
1365 1421 1425 1471 οὐ
1468 1428 1605 1470 κατ’
1647 1419 1857 1470 αὐτοῦ
1900 1416 1926 1469 ὅ
1968 1419 2060 1468 λό-

212 1528 313 1578 γος.
369 1511 732 1573 (Adversns
773 1510 1039 1575 Leptinem
1080 1509 1236 1558 oratio
1271 1509 1578 1569 inscribitur,
1621 1507 1752 1573 quod
1793 1507 2059 1573 praeterito

213 1613 271 1645 eo
312 1603 532 1661 tempore
563 1594 629 1655 ¹),
670 1594 720 1642 in
762 1603 858 1658 quo
899 1594 1023 1657 legis
1064 1600 1234 1642 auctor
1266 1592 1454 1657 judicio
1495 1600 1542 1641 et
1581 1608 1771 1657 poenae
1813 1590 2056 1639 obnoxius

214 1687 343 1740 erat,
373 1679 606 1744 Leptines
636 1685 773 1727 extra
801 1678 1076 1743 periculum
1105 1694 1209 1726 esse
1238 1676 1526 1737 videbatur,
1567 1675 1695 1724 unde
1739 1674 2058 1722 adversus

214 1780 351 1823 eum,
379 1779 477 1811 non
505 1762 566 1810 in
595 1778 705 1810 euni
735 1761 944 1810 orationi
972 1762 1142 1810 titulus
1171 1762 1285 1817 est.)

999 1900 1097 1953 Ad
1127 1900 1278 1953 606.

356 2012 554 2062 Bekker
584 2010 769 2063 Anecd.
797 2028 871 2075 gr.
900 2011 934 2059 I.
963 2028 1008 2076 p.
1039 2010 1168 2056 262:
1196 2002 1481 2069 ”Αρχοντες
1510 2000 1636 2064 ἦσαν
1663 2007 1952 2073 εἰσαγωγεῖς
1980 2002 2058 2051 δι-

214 2094 326 2143 κῶν
361 2093 519 2143 τινῶν
557 2095 625 2149 εἰς
666 2091 728 2140 τὰ
769 2088 1097 2155 δικαστήρια,
1148 2092 1615 2153 προαιιακρίνοιντες
1654 2087 1741 2145 τὰς
1782 2088 1929 2144 δίκας
1968 2091 2058 2136 καὶ

215 2176 694 2245 προσκαθεζόμενοι
731 2183 834 2233 τοῖς
875 2174 1244 2240 δικαστηρίοις,
1285 2176 1375 2221 καὶ
1403 2171 1546 2235 εἶχον
1572 2170 1665 2232 τήν
1690 2172 1793 2221 τῶν
1819 2171 2060 2230 δικαστη-

214 2266 343 2331 ρίων
397 2258 689 2331 ἡγεμονίαν.
741 2262 1085 2326 (Magistratus
1138 2268 1278 2311 erant
1327 2260 1687 2309 introductores
1739 2257 2060 2323 quarumdam

213 2367 474 2400 causarum
501 2350 551 2398 in
577 2347 790 2415 judicia,
833 2347 912 2412 qui
951 2347 1061 2396 lites
1101 2346 1235 2413 prius
1277 2344 1725 2412 percontabantur,
1766 2341 2056 2391 assidentes-

215 2451 307 2500 que
327 2433 526 2500 judiciis
554 2431 853 2499 praesidium
881 2449 1051 2481 eorum
1076 2429 1369 2489 habebant..)

355 2515 432 2566 Cf.
461 2515 626 2566 Schol.
666 2515 716 2563 in
758 2515 1012 2564 Demosth.
1054 2514 1253 2564 Midian.
1285 2512 1400 2574 515,
1433 2512 1509 2561 14.
1557 2510 1720 2560 Schol.
1748 2511 1796 2559 in
1829 2510 2056 2561 Aeschin.

215 2601 433 2668 Ctesiph.
467 2601 543 2650 14.

1000 2666 1099 2720 Ad
1127 2668 1278 2720 608.

358 2779 558 2829 Bekker
588 2777 776 2828 Anecd.
805 2795 876 2842 gr.
906 2779 941 2828 I.
971 2796 1018 2844 p.
1047 2778 1176 2825 310:
1205 2776 1342 2826 addit
1371 2775 1514 2824 etiam
1545 2769 1722 2840 ἀργίας
1750 2772 2057 2835 (socordiae)

218 2862 474 2912 actionem.

1001 2929 1100 2982 Ad
1128 2931 1279 2983 609.

362 3038 538 3089 Ando
560 3040 671 3090 cid.
701 3056 740 3089 c.
774 3038 1093 3090 Alcibiad.
1124 3038 1165 3103 ξ.
1200 3038 1431 3087 13—14:
1462 3036 1741 3087 Alcibiades
1770 3053 1922 3102 quum
1949 3033 2058 3084 Cal-

220 3123 312 3171 liae
340 3139 558 3173 sororem
599 3125 649 3173 in
689 3123 1054 3173 matrimonium
1095 3122 1314 3172 duxisset
1353 3139 1462 3171 cum
1501 3122 1613 3171 dote
1654 3121 1826 3170 decem
1852 3119 2058 3168 talento-

220 3223 354 3266 rum,
395 3211 442 3253 et
476 3222 625 3269 quum
658 3215 846 3256 tantam
874 3207 1036 3256 dotem
1063 3204 1269 3254 haberet
1297 3212 1528 3270 quantam
1553 3205 1714 3253 nullus
1743 3203 2056 3263 Graecorum,

367 3349 411 3392 1)
443 3341 620 3386 Scilicet
642 3359 726 3388 uno
760 3360 896 3401 anno;
929 3360 1012 3403 quo
1047 3343 1191 3402 elapso
1231 3359 1314 3386 non
1351 3350 1518 3401 poterat
1552 3343 1734 3400 amplius
1770 3343 1874 3399 legis
1908 3346 2058 3384 auctor

222 3418 442 3471 accusari,
475 3416 546 3458 sed
571 3414 836 3459 solummodo
859 3416 929 3458 lex
951 3418 1055 3473 ipsa.
1091 3416 1198 3458 Vide
1221 3415 1358 3472 legem
1388 3420 1478 3458 155.
