2161 3673
525 220 723 252 mntem
756 219 1037 252 CAUSARUM
1064 221 1402 253 CAPITALIUM.
1778 204 1877 252 143

35 349 78 394 τ’
94 349 150 394 ἐν
163 351 268 402 τοῖς
283 343 433 401 ἰδίοις
461 342 754 412 πράγμασιν
780 341 1093 401 ἀδικοῦντας
1119 348 1209 394 καὶ
1236 343 1357 402 τούς
1378 343 1451 408 μὴ
1481 342 1692 400 δικαίως
1718 349 1877 412 ἐγκα-

35 428 268 484 λοῦντας.
881 432 1109 490 (Isocrat.
1138 432 1197 481 de
1225 438 1487 497 permutat.
1517 427 1561 494 ξ.
1591 430 1736 490 237.)

902 539 1017 588 582.

177 632 383 682 Tabulis
422 632 982 697 Quadragintavirorum
1021 651 1219 682 necesse
1259 641 1333 682 est
1371 651 1453 682 eos
1487 632 1752 693 contineri,
1798 633 1879 696 qui

34 717 83 764 in
109 717 314 781 privatis
341 716 551 781 negotiis
580 716 881 781 deliquerint
905 717 1150 782 injusteve
1179 718 1532 766 accusaverint.

902 823 1016 871 583.

169 909 248 961 ‘H
267 915 414 962 αι’κία
440 917 530 962 καὶ
558 912 618 962 τά
659 914 762 963 τῶν
802 916 993 979 βιαίων
1033 912 1154 979 πρὸς
1192 913 1312 970 τούς
1343 913 1735 979 Τετταράκοντα
1763 918 1880 964 ἐστί.

801 1000 1085 1062 (Demosth.
1115 999 1226 1049 adv.
1256 999 1548 1049 Pantaenet.
1577 1000 1736 1060 976.)

904 1107 1020 1156 583.

176 1202 470 1252 Verberatio
535 1211 583 1252 et
645 1203 880 1252 violentia
951 1202 1084 1269 apud
1147 1201 1623 1266 Quadragintaviros
1689 1202 1876 1251 habent

35 1287 292 1336 actionem.

817 1450 999 1515 Τμῆμα
1039 1450 1098 1499 ε’.

583 1544 1005 1607 Δικαστήρια
1046 1544 1317 1607 φονικά.

827 1716 990 1766 Sectio
1039 1719 1082 1766 5.

400 1812 671 1862 Juclicia
710 1829 1053 1861 causarum
1091 1811 1507 1878 capitalium.

175 2036 418 2097 Δικάζειν
444 2037 536 2097 τῆν
562 2041 618 2086 ἐν
649 2034 835 2101 Ἀρείῳ
864 2034 1012 2104 πάγῳ
1038 2034 1208 2097 φόνου
1233 2039 1325 2084 καὶ
1349 2033 1637 2100 τραύματος
1665 2039 1724 2084 ἐκ
1751 2054 1878 2099 προ-

33 2124 205 2180 νοίας,
245 2125 337 2170 καὶ
378 2121 664 2185 πυρκαϊᾶς,
703 2125 794 2169 καὶ
834 2119 1151 2184 φαρμάκιον,
1193 2118 1283 2168 ἐάν
1321 2140 1393 2175 τις
1429 2117 1712 2182 ἀποκτείνῃ
1741 2117 1874 2174 δούς.

560 2206 841 2268 (Demosth.
871 2223 910 2255 c.
940 2206 1172 2257 Aristocr.
1201 2206 1317 2254 627.
1358 2206 1462 2255 Lex
1490 2205 1730 2265 Solonis.)

895 2318 1011 2366 584.

176 2410 386 2461 Senatus
415 2412 792 2478 Areopagiticus
832 2413 891 2462 de
932 2411 1081 2461 caede
1111 2420 1159 2460 et
1185 2410 1388 2459 vulnere
1417 2411 1640 2458 consulto
1668 2409 1798 2457 facto
1827 2416 1874 2457 et

33 2494 262 2543 incendio
302 2503 350 2544 et
388 2497 620 2558 venenis⁷
673 2496 851 2561 quibus
909 2495 1035 2544 datis
1088 2495 1263 2560 aliquis
1316 2494 1564 2542 hominem
1613 2492 1872 2552 occiderit,

25 2577 229 2642 judicet.

901 2651 1016 2700 585.

167 2739 246 2792 ‘H
265 2749 315 2803 ἐξ
350 2741 557 2808 Ἀρείου
591 2742 757 2811 πάγου
795 2741 957 2809 βουλὴ
1000 2745 1155 2806 κυρία
1198 2738 1400 2788 δικάσαι
1438 2759 1489 2786 τε
1516 2741 1622 2803 περὶ
1650 2737 1743 2786 τοῦ
1774 2736 1873 2786 σώ-

29 2845 188 2890 ματος
214 2832 302 2875 καὶ
330 2827 412 2886 τῆς
457 2828 622 2892 ψυχῆς
663 2827 887 2876 ἑκάστου
925 2826 1029 2875 τῶν
1062 2824 1310 2880 πολιτῶν,
1350 2826 1440 2869 καὶ
1468 2829 1570 2878 τοῖς
1591 2823 1689 2886 μὲν
1714 2823 1872 2886 βιαίῳ

40 2909 247 2975 θανάτῳ
274 2909 643 2969 τετελευτηκόσι
671 2910 957 2976 βοηθῆσαι,
997 2906 1118 2964 τους
1164 2906 1212 2954 δὲ
1253 2903 1554 2969 παράνομόν
1592 2925 1635 2952 τι
1675 2905 1779 2952 τῶν
1820 2909 1875 2952 ἐν

36 2992 91 3054 τῇ
120 2992 253 3042 πόλει
285 2993 746 3062 διαπεπραγμένους
774 2995 1016 3059 ἐκβαλεῖν
1044 2988 1074 3050 ἢ
1103 2988 1314 3052 θανάτῳ
1343 2988 1598 3052 ζημιῶσαι.

944 3076 1202 3139 (Dinarch.
1232 3091 1271 3122 c,
1299 3073 1551 3122 Demosth.
1580 3070 1623 3137 ξ.
1654 3075 1727 3131 6.)

898 3186 1012 3232 585.

179 3281 468 3349 Areopagus
507 3287 803 3349 potestatem
843 3279 993 3328 habet
1031 3285 1135 3325 tum
1174 3276 1233 3325 de
1276 3293 1481 3342 corpore
1522 3283 1570 3323 et
1608 3275 1708 3323 vita
1747 3274 1872 3321 civis

39 3365 250 3430 cujusvis
279 3365 670 3431 pronuntiandi,
710 3373 814 3413 tum
846 3363 1063 3412 violenta
1088 3368 1244 3408 morte
1272 3360 1539 3425 peremptis
1568 3355 1871 3423 opitulandi,
