2114 3642
149 205 247 253 336
871 220 950 251 JUS
976 217 1250 251 PUBLICUM.

923 412 1103 476 Τμῆμα
1145 413 1198 471 ς’·

715 514 909 573 Περὶ
975 506 1401 558 ἀποικιῶν.

928 678 1091 727 Sectio
1132 679 1176 726 6.

781 776 878 823 De
942 774 1319 822 coloniis.

281 988 341 1035 Οἱ
377 982 587 1035 ἄποικοι
627 983 731 1034 οὐκ
769 989 849 1034 ἐπὶ
882 984 952 1050 τῷ
981 984 1159 1033 δοῦλοι
1187 982 1296 1034 ἀλλ’
1324 988 1403 1033 ἐπὶ
1430 985 1501 1049 τῷ
1529 979 1702 1047 ὅμοιοι
1729 990 1833 1039 τοῖς
1860 986 1962 1032 Zet-

140 1075 370 1134 πομένοις
397 1067 523 1119 εἶναι
552 1073 906 1133 ἐκπέμπονται.
1321 1068 1623 1135 (Thucydid.
1652 1070 1688 1129 I,
1718 1069 1826 1128 34.)

278 1249 452 1300 Coloni
491 1267 591 1299 non
630 1249 916 1298 emittuntur
955 1265 1012 1297 ea
1050 1248 1358 1309 conditione,
1401 1254 1453 1296 ut
1479 1248 1578 1296 sint
1603 1249 1759 1309 servi,
1799 1247 1884 1297 sed
1914 1255 1966 1296 ut

137 1352 244 1382 cum
271 1333 328 1382 iis
345 1373 355 1392 ,
396 1334 475 1398 qui
504 1333 633 1382 domi
660 1332 1003 1397 relinquuntur
1029 1332 1218 1397 aequali
1239 1332 1351 1398 jure
1379 1331 1645 1395 gaudeant.

275 1534 368 1595 ΝΙὴ
410 1540 713 1600 παραμελεῖν
753 1535 852 1604 -ιῶν
891 1536 1136 1585 οἰκιστῶν
1174 1534 1293 1593 τούς
1321 1534 1601 1594 ἀποίκους,
1641 1540 1697 1584 ἐν
1724 1534 1772 1583 δὲ
1803 1555 1965 1594 πανη-

136 1617 303 1687 γύρεσι
346 1627 449 1676 ταῖς
486 1627 687 1676 κοιναῖς
728 1618 923 1668 διδόναι
964 1625 1079 1687 γέρα
1119 1618 1179 1667 τά
1223 1619 1531 1684 νομιζόμενα
1570 1622 1659 1666 καὶ
1688 1616 1834 1683 ἀνδρὶ
1864 1617 1963 1667 τῶν

137 1703 379 1752 οἰκιστῶν
405 1702 850 1769 προκατάρχεσθαι
880 1702 981 1752 τῶν
1006 1703 1163 1767 ἱερῶν.
1312 1704 1616 1770 (Thucydid.
1645 1705 1680 1766 I,
1711 1705 1819 1763 25.)

277 1908 450 1956 Coloni
478 1924 537 1955 ne
566 1908 840 1973 despiciant
880 1926 991 1957 suos
1032 1908 1336 1969 conditores,
1376 1908 1461 1956 sed
1489 1908 1539 1955 in
1565 1906 1776 1972 publicis
1804 1907 1961 1955 solen-

134 1992 368 2040 nitatibus
396 1998 656 2040 consvetos
684 1992 896 2041 honores
924 1993 1042 2058 ipsis
1069 1993 1310 2052 tribuant,
1349 1999 1397 2039 et
1422 1992 1472 2039 in
1499 1991 1773 2052 sacrificiis,
1814 2008 1963 2056 quum

135 2075 322 2124 viscera
349 2074 670 2137 distribuant,
712 2092 741 2123 a
765 2076 871 2124 viro
897 2076 1064 2125 matris
1092 2076 1302 2124 civitatis
1330 2076 1659 2141 auspicentur.

268 2271 361 2321 Ἐν
386 2281 489 2330 τοῖς
518 2278 911 2333 Παναθηναίοις
938 2274 1088 2323 πᾶσαι
1120 2277 1170 2323 αἱ
1208 2269 1312 2324 ὑπὸ
1351 2274 1453 2323 τῶν
1485 2271 1784 2332 Ἀθηναίων
1811 2270 1962 2321 ἀποι-

135 2361 389 2406 κισθεῖσαι
418 2356 582 2414 πόλεις
607 2358 744 2422 βοῦν
770 2356 1124 2421 τυθὴσόμενον
1150 2362 1411 2421 πέμπουσι.

835 2443 1020 2503 (Schol.
1048 2444 1097 2491 in
1125 2442 1437 2509 Aristophan.
1466 2442 1649 2492 Nubes.
1678 2442 1820 2500 386.)

978 2551 1127 2600 1304.

275 2633 350 2683 Ad
386 2636 511 2684 festa
544 2636 892 2685 Panathenaea
931 2653 1100 2684 omnes
1127 2637 1188 2684 ab
1216 2635 1602 2686 Atheniensibus
1629 2634 1854 2684 conditae
1882 2651 1958 2684 co-

137 2717 376 2766 loniarum
402 2718 545 2767 urbes
572 2719 752 2769 bovem
779 2720 1093 2769 mactandum
1119 2720 1328 2768 mittunt.
