2161 3673
856 294 920 325 DE
947 293 1129 326 SACRIS.
1814 278 1914 327 103

936 420 1051 469 421.

218 517 506 568 Sacerdotes
533 533 688 565 mares
715 517 1055 582 faeminaeque
1082 515 1634 566 rationibusreddendis
1652 514 1913 580 subjician-

77 613 178 665 tur,
206 610 253 652 et
277 600 554 666 generatim
584 618 754 649 omnes
781 607 830 648 et
856 600 1192 665 unusquisque
1220 599 1533 663 singillatim,
1569 599 1649 664 qui
1677 598 1916 647 duntaxat

77 685 389 736 honorarium
415 682 609 748 aliquod
636 683 888 748 accipiunt
914 689 962 731 et
987 689 1104 732 vota
1130 701 1219 748 pro
1248 683 1447 732 civitate
1474 682 1565 731 diis
1598 683 1809 731 faciunt:
1843 680 1913 728 id-

77 787 169 834 que
197 787 298 818 non
332 766 564 834 privatim
601 772 820 827 tantum,
862 765 948 814 sed
988 766 1316 815 communiter
1356 767 1504 815 etiam
1544 772 1675 815 totae
1715 771 1914 828 gentes,

79 850 427 917 Eumolpidae,
456 848 669 914 Ceryces
696 855 744 897 et
769 849 944 914 reliqui
973 866 1155 898 omnes.

939 966 1055 1015 422.

224 1059 296 1110 Τά
326 1064 612 1126 προσακτὲα
643 1059 840 1125 θύσιμα
867 1063 1019 1125 ἱερεῖα
1047 1055 1222 1124 ἄρτια,
1253 1056 1441 1124 ἄτομα,
1471 1055 1749 1125 ὁλόκληρα,
1778 1055 1913 1128 ὑγιῆ,

76 1143 256 1211 ἅπηρα,
285 1145 531 1210 παμμελῆ,
561 1143 813 1211 ἁρτιμελῆ,
839 1143 909 1208 μὴ
941 1143 1317 1209 xoiosffci„zc71‹5d
1346 1146 1567 1209 ἔμπηρα,
1591 1144 1713 1208 μηδὲ
1745 1142 1912 1210 ἠκρω-

75 1234 402 1296 τηριασμένα,
427 1228 549 1294 μηδὲ
580 1227 875 1294 διάστροφα.
1361 1230 1566 1291 (Pollux
1595 1232 1630 1293 I,
1660 1231 1771 1290 29.)

935 1303 1050 1351 422.

216 1398 551 1450 Adducendae
590 1399 818 1447 victimae
858 1414 1024 1446 sacrae
1072 1397 1170 1445 sint
1209 1397 1460 1460 integrae,
1513 1415 1613 1446 non
1654 1405 1911 1460 exsectae,

75 1484 345 1549 perfectae,
387 1500 563 1544 sanae,
604 1483 870 1541 innocuae,
924 1481 1090 1528 onmia
1130 1487 1178 1529 et
1216 1487 1351 1529 recta
1388 1482 1611 1530 membra
1649 1482 1912 1539 habentes,

74 1584 174 1615 non
200 1566 427 1628 mutilae,
469 1582 560 1614 nec
586 1565 934 1631 imperfectae,
973 1581 1133 1628 neque
1161 1570 1447 1625 truncatae,
1475 1581 1635 1630 neque
1663 1565 1911 1614 distortae,

215 1777 325 1844 Χρὴ
356 1779 506 1831 θύειν
532 1777 620 1835 τας
651 1782 832 1835 θυσίας
859 1775 946 1834 τὰς
973 1783 1032 1826 ἐκ
1059 1777 1161 1829 τῶν
1200 1778 1438 1843 κύρβεων
1478 1781 1567 1827 καὶ
1594 1779 1695 1828 τῶν
1721 1777 1913 1838 στηλῶν

78 1862 207 1912 κατά
236 1861 322 1919 τὰς
350 1862 657 1932 συγγραφάς.
901 1864 1106 1928 (Lysias
1134 1864 1245 1913 adv.
1276 1865 1558 1915 Nicomach.
1587 1862 1770 1930 §.170

219 2080 369 2129 Sacra
396 2097 421 2128 e
448 2080 679 2146 cyrbibus
708 2088 756 2128 et
795 2082 930 2130 stelis
969 2081 1199 2142 definita,
1233 2081 1378 2146 juxta
1418 2081 1722 2146 praescripta
1759 2080 1910 2129 literis

80 2165 392 2228 consignata,
420 2163 645 2213 facienda
669 2171 793 2213 sunt.

219 2341 472 2404 Δημοτελὴ
511 2343 600 2388 καὶ
642 2339 890 2404 δημοτικά
934 2344 1085 2406 ἱὲρὲῖα
1126 2340 1361 2405 διαφέρει.
1426 2339 1498 2388 Ta*
1533 2343 1628 2404 μὲν
1669 2339 1909 2404 δημοτελῆ

81 2424 286 2489 θύματα
316 2419 340 2482 ἦ
373 2423 510 2480 πόλις
539 2422 770 2474 δίδωσιν
812 2424 873 2473 τα
903 2424 952 2473 δὲ
982 2423 1229 2489 δημοτικά
1258 2428 1304 2473 οἱ
1334 2423 1556 2488 δημόται,

921 2512 1147 2572 (Bekker
1174 2509 1357 2561 Anecd.
1385 2528 1457 2575 gr.
1485 2512 1520 2559 I.
1548 2529 1593 2575 p.
1624 2510 1766 2569 240.)

218 2726 369 2775 Sacra
408 2724 606 2789 publica
647 2732 696 2773 et
733 2724 979 2789 paganica
1017 2725 1145 2772 inter
1171 2741 1222 2773 se
1249 2724 1492 2773 differunt.
1547 2722 1754 2772 Publica
1780 2723 1908 2772 enim

77 2809 313 2859 sacrificia
339 2807 510 2856 civitas
536 2807 645 2869 dat,
685 2807 930 2873 paganica
962 2825 1078 2856 vero
1104 2808 1235 2873 pagi.
