2114 3642
570 168 980 202 COMMENTARIUS
1007 169 1075 201 An
1104 167 1186 202 848.
1215 168 1294 203 ⁸50.
1323 164 1405 202 859.
1432 169 1514 202 860.
1851 151 1948 202 5⁴25

112 315 240 347 nere.
298 296 657 358 (Plutarch.
697 295 1152 360 apophthegm.
1194 298 1399 346 lacon.
1439 315 1485 362 p.
1522 296 1637 343 217.
1680 295 1948 345 Alexan-

109 382 138 429 d
156 380 263 429 rid.
306 382 379 438 6.)
889 446 987 498 Ad
1022 448 1153 499 848

252 556 585 623 Areopagitae
613 556 760 619 igitur
779 557 1070 621 judicabant
1097 558 1302 621 singulis
1331 556 1581 606 mensibus
1607 566 1808 622 quarto,
1852 566 1946 607 ter-

108 642 174 689 tio
204 649 251 689 et
277 642 434 705 pridie
465 639 819 700 Kalendarum,
850 641 897 689 id
927 649 999 688 est
1027 642 1265 704 vigesimo
1294 641 1516 706 septimo,
1548 650 1723 690 octavo
1753 650 1800 690 et
1816 661 1948 690 nono

109 725 289 773 mensis
318 725 407 773 die.

889 792 987 846 Ad
1015 794 1168 846 850.

249 901 601 966 Scirophorion
641 903 839 950 ultimus
880 904 968 951 fuit
1008 904 1124 951 anni
1163 902 1371 963 niensis3
1424 903 1461 949 si
1511 903 1660 966 igitur
1699 904 1805 968 quis
1857 903 1947 952 hoc

106 1002 274 1033 mense
299 985 542 1033 actionem
570 985 827 1034 detulisset
865 986 925 1034 ad
966 986 1337 1048 magistratum,
1378 985 1417 1032 is
1445 987 1812 1049 non-potuisset
1839 995 1949 1051 post

105 1069 309 1133 triginta
334 1068 462 1129 dies,
492 1069 761 1117 secundum
789 1070 1151 1134 praescriptum
1178 1069 1324 1131 legis,
1353 1068 1597 1116 actionem
1624 1069 1685 1116 ad
1705 1069 1947 1133 judicium

104 1151 416 1200 introducere
438 1190 447 1212 ,
477 1152 589 1216 quia
616 1160 718 1200 tum
741 1153 847 1217 jam
874 1153 990 1199 novi
1018 1152 1357 1215 fungebantur
1383 1151 1709 1214 magistratus.

889 1291 988 1344 Ad
1016 1292 1169 1343 859.

249 1389 511 1438 Lucian.
554 1390 1075 1453 Pseudolo'gista
1115 1389 1206 1436 12:
1247 1389 1412 1449 Quum
1448 1406 1605 1453 neque
1634 1390 1945 1453 magistratus

106 1472 178 1519 sui
209 1472 399 1536 copiam
441 1473 651 1534 faciunt,
693 1489 851 1537 neque
893 1488 1068 1519 causae
1100 1471 1311 1536 judicari
1352 1483 1582 1537 possunt,
1623 1490 1782 1537 neque
1810 1490 1948 1521 sacra

106 1564 435 1620 peraguntur,
470 1572 628 1619 neque
656 1555 856 1603 omnino
885 1548 1054 1602 earum
1079 1572 1268 1614 rerum,
1309 1572 1430 1619 quas
1458 1555 1645 1603 faustas
1674 1572 1780 1604 esse
1809 1557 1945 1604 volu-

105 1657 236 1700 mus,
266 1639 525 1704 quicquam
554 1638 832 1703 peragitur3
870 1638 956 1686 illa
983 1637 1085 1686 dies
1112 1637 1376 1702 Apophras
1405 1637 1649 1697 (nefasta)
1678 1647 1765 1687 est.

248 1721 280 1771 S
300 1723 511 1771 uidas:
545 1717 870 1783 Ἀποφράδες
901 1714 1070 1783 ἡμέραι
1099 1729 1214 1769 sunt
1242 1721 1370 1779 dies,
1400 1721 1575 1786 quibus
1604 1720 1846 1769 defunctis
1874 1723 1944 1769 in-

104 1805 253 1854 feriae
281 1807 431 1867 fiunt3
470 1806 545 1852 vel
574 1805 676 1853 dies
704 1805 997 1870 inauspicati
1026 1800 1174 1867 (πρὸς
1198 1801 1399 1866 προέξεις
1426 1799 1803 1863 ἀνεπιτήδειοι).

247 1888 450 1936 Romani
479 1906 670 1953 quoque
701 1888 979 1937 habuerunt
1005 1906 1118 1936 suos
1146 1888 1248 1936 dies
1276 1889 1427 1936 fastos
1462 1897 1508 1936 et
1547 1889 1775 1937 nefastos.
1830 1888 1945 1935 Dies

108 1971 235 2031 fasti,
265 1971 381 2020 dicit
410 1972 568 2021 Varro
599 1971 680 2031 (L.
702 1972 755 2020 L.
787 1974 831 2032 6,
862 1972 970 2031 29),
1001 1989 1088 2037 per
1117 1989 1238 2035 quos
1266 1971 1574 2037 praetoribus
1602 1972 1767 2019 omnia
1793 1973 1946 2019 verba

105 2056 206 2104 sine
236 2055 430 2120 piaculo
458 2055 573 2102 licet
600 2055 717 2117 fari,
758 2054 989 2103 contrarii
1016 2054 1190 2103 horum
1219 2062 1456 2103 vocantur
1484 2054 1681 2114 nefasti,
1709 2072 1798 2118 per
1825 2072 1944 2118 quos

105 2139 208 2188 dies
236 2139 372 2187 nefas
400 2138 491 2186 fari
521 2145 824 2203 praetorem:
865 2138 954 2198 do,
984 2138 1117 2197 dico,
1144 2138 1333 2186 addico.

885 2277 983 2330 Ad
1014 2279 1166 2331 860.

249 2387 485 2451 „Metalla
512 2388 673 2439 Attica
699 2390 931 2455 privatis,
973 2391 1163 2439 civibus
1203 2396 1251 2437 et
1291 2389 1592 2443 ἰσοτελέσιν,
1634 2405 1662 2435 a
1689 2387 1940 2453 republica

104 2473 387 2521 venditione
414 2473 464 2520 in
493 2481 783 2539 perpetuam
812 2475 1179 2540 possessionem
1206 2473 1403 2521 addicta
1429 2480 1565 2533 sunt,
1606 2490 1705 2520 non
1733 2471 1793 2519 ad
1823 2479 1942 2519 teni-

103 2573 195 2621 pus
222 2556 408 2617 locata,
437 2557 568 2621 quod
597 2558 712 2605 olim
740 2558 959 2606 fecerant
983 2557 1221 2619 Romani3
1262 2564 1308 2605 et
1337 2564 1527 2620 emptor
1554 2555 1765 2619 pretium
1792 2555 1942 2603 semel

104 2657 192 2704 pro
218 2639 401 2687 metalli
417 2641 729 2705 possessione
753 2642 1018 2707 pendebat,
1044 2659 1101 2689 ac
1128 2659 1159 2706 p
1177 2657 1200 2687 e
1219 2658 1240 2688 1·
1255 2659 1286 2706 p
1303 2658 1327 2688 e
1344 2648 1362 2687 t
1378 2658 1407 2688 u
1424 2658 1450 2687 O
1480 2658 1509 2687 v
1526 2656 1550 2687 e
1567 2656 1591 2686 c
1608 2646 1626 2686 t
1641 2639 1654 2685 i
1670 2656 1703 2701 g
1717 2639 1775 2687 al
1803 2656 1942 2702 quar-

104 2730 184 2771 tae
213 2728 262 2770 et
288 2723 557 2786 vigesimae
594 2725 779 2773 metalli
807 2742 866 2774 ex
895 2724 1098 2773 caminis
1139 2722 1521 2789 p1·0venientis.“
1577 2723 1742 2782 (Boe
1760 2720 1833 2769 ck
1850 2722 1878 2769 h
1898 2722 1940 2768 ii

103 2804 250 2871 Corp.
277 2805 419 2854 inser.
448 2823 520 2868 gr.
549 2806 634 2855 Nr.
667 2807 807 2867 162.)

246 2891 478 2952 Ingentes
507 2889 656 2937 fuisse
677 2891 723 2937 in
748 2889 1117 2938 Atheniensium
1145 2889 1333 2938 aerario
1363 2887 1610 2953 pecuniaS,
1639 2904 1761 2951 quae
1791 2905 1814 2936 e
1841 2905 1939 2936 me-

103 2971 227 3019 tallis
256 2990 284 3019 a
311 2972 505 3020 Laui-eo
535 2971 808 3034 redierant,
848 2980 1055 3021 testatur
1083 2972 1362 3021 Herodotus
1392 2970 1529 3032 (VII,
1563 2970 1702 3029 144).
1741 2969 1864 3019 Cum
1892 2971 1940 3017 in

105 3073 163 3102 eo
192 3073 266 3103 res
294 3062 448 3116 esset,
491 3062 542 3102 ut
568 3073 624 3102 ea
652 3056 861 3119 pecunia
900 3055 1079 3102 viritim
1119 3054 1308 3101 civibus
1337 3053 1664 3115 divideretur,
1707 3062 1754 3102 et
1794 3071 1938 3102 unus-

105 3138 307 3203 quisque
335 3138 505 3186 decem
546 3138 791 3201 acciperet
830 3137 1115 3196 drachmas,
1156 3145 1271 3184 tunc
1299 3136 1655 3185 Themistocles
1683 3152 1937 3202 persvase-

105 3228 181 3286 rat
207 3222 424 3281 civibUS,
454 3228 535 3278 ut,
585 3220 765 3267 omissa
804 3220 886 3267 illa
925 3219 1293 3281 distributione,
1335 3237 1481 3267 naves
1524 3237 1582 3268 ex
1617 3221 1705 3268 hac
1733 3219 1937 3284 pecunia

105 3301 339 3351 ducentas
366 3303 683 3353 aedificarent
712 3302 772 3351 ad
797 3302 992 3351 bellum.
