2114 3642
177 197 278 250 528
796 207 1205 246 COMMENTARIUS
1234 211 1301 242 AD
1330 203 1410 244 892.

317 344 382 395 At
407 343 688 410 hujusmodi
728 337 1048 389 additamenti
1089 337 1276 386 nullam
1311 337 1498 388 faciunt
1531 338 1833 386 mentionem
1858 334 2019 385 fontes

175 429 367 493 graeci,
395 428 525 493 quod
554 424 771 489 alioquin
799 439 986 470 summe
1013 422 1246 486 injustum
1282 421 1482 483 fuisset;
1521 439 1632 469 nam
1661 437 1721 470 ex
1749 418 2018 469 Andocidis

175 512 399 560 oratione
443 510 500 558 de
541 506 879 572 mysteriis
919 501 1005 569 (ξ.
1039 503 1356 563 133--13-1)
1396 512 1567 552 notum
1608 511 1682 551 est
1720 502 2022 568 Agyrrhium

176 594 439 658 quemdam
470 590 745 657 principem
774 589 960 637 factum
989 587 1138 635 fuisse
1164 587 1359 649 collegii
1387 586 1753 652 redemptorum
1781 586 2021 650 quinqua-

174 678 416 739 gesimae,
457 673 883 738 redempsisseque
923 672 1017 718 hoc
1055 670 1267 734 vectigal
1294 670 1495 734 triginta
1521 670 1734 718 talentis.
1787 666 2022 732 Collegae

174 761 221 809 hi
248 759 526 820 (continuat
552 757 742 814 orator)
773 755 900 803 coire
930 753 1183 814 videntur,
1225 771 1322 818 quo
1350 753 1522 802 horum
1552 753 1760 803 duorum
1787 751 2021 801 alterutro

175 843 450 908 potiantur:
479 846 533 888 ut
560 846 643 888 aut
668 844 866 887 taceant
890 838 941 885 in
968 835 1162 885 licendo
1189 842 1336 900 atque
1363 837 1432 884 sic
1461 836 1740 885 mercedem
1766 834 2021 896 auferant3

174 933 257 973 aut
284 925 322 972 si
353 921 608 987 vectigalis
649 921 925 985 redemptio
965 919 1143 983 exiguo
1185 927 1386 979 veneat,
1426 919 1520 985 ipsi
1546 921 1595 968 in
1623 918 2020 968 communionem

174 1007 296 1056 lucri
325 1014 512 1054 coeant.
566 1007 640 1054 Ex
679 1006 764 1053 illa
802 1005 965 1068 itaque
1007 1003 1348 1068 redemptione
1389 1003 1826 1067 quinquagesimae
1866 1017 2018 1067 quum

172 1091 302 1138 facto
330 1089 477 1138 trium
516 1088 810 1138 talentorum
849 1085 1145 1151 compendio
1179 1085 1463 1134 didicissent
1491 1103 1638 1150 quam
1665 1086 1918 1135 fructuosa
1944 1101 2021 1134 res

173 1180 326 1235 esset,
367 1173 567 1221 coibant
593 1172 642 1220 in
669 1171 977 1228 sodalitium,
1019 1178 1067 1218 et
1101 1187 1252 1235 quum
1291 1169 1489 1235 reliquis
1531 1187 1619 1218 suo
1647 1170 1708 1219 de
1734 1169 1869 1218 lucro
1897 1169 2021 1217 offu-

171 1258 269 1306 lam
309 1256 631 1322 objecissent,
672 1255 850 1304 iterum
889 1253 1093 1318 triginta
1131 1252 1317 1302 talenta
1357 1253 1646 1302 offerebant.
1708 1252 1783 1301 Ibi
1823 1252 2021 1300 nemine

172 1341 382 1400 licente,
422 1357 713 1405 progressus
745 1337 1023 1388 Andocides
1051 1337 1112 1386 ad
1139 1344 1363 1385 senatum
1392 1337 1502 1402 plus
1530 1336 1798 1399 licebatur,
1839 1344 1887 1385 et
1913 1343 2020 1384 tan-

173 1424 284 1473 dem
323 1424 415 1489 ipsi
455 1424 731 1489 redemptio
771 1441 862 1488 pro
902 1440 988 1471 sex
1029 1432 1076 1470 et
1114 1423 1319 1487 triginta
1358 1423 1554 1471 talentis
1595 1421 1876 1488 adjudicata
1914 1420 2020 1469 fuit.

174 1509 282 1557 Hoc
310 1515 457 1573 pacto
484 1508 578 1556 illis
607 1508 808 1573 dejectis
836 1506 1039 1571 collegit
1077 1505 1289 1570 vectigal
1331 1506 1422 1555 hoc
1449 1513 1594 1571 atque
1623 1506 1812 1554 aerario
1839 1504 2022 1570 depen-

175 1591 269 1651 dit,
311 1608 370 1640 ex
399 1608 553 1655 eoque
582 1607 683 1639 non
711 1598 903 1639 tantum
932 1590 1119 1638 nullum
1147 1589 1339 1654 accepit
1364 1588 1626 1651 damnum,
1662 1587 1748 1637 sed
1776 1588 1923 1636 etiam
1949 1587 2021 1635 lu-

175 1675 283 1723 celli
313 1690 488 1739 parum
515 1674 630 1738 quid
660 1672 772 1722 fecit
799 1690 908 1721 cum
936 1673 1249 1721 consortibus
1276 1672 1421 1737 hujus
1450 1672 1817 1738 redemptionis

317 1757 427 1817 Quo
454 1764 598 1821 pacto
626 1757 774 1820 igitur
801 1756 1014 1821 populus
1043 1755 1357 1804 Atheniensis
1385 1756 1736 1817 consensisset,
1776 1763 1829 1804 ut
1855 1755 2021 1817 singu·

172 1843 246 1891 lus
276 1841 456 1889 civium
489 1858 577 1889 suo
616 1841 799 1889 tributo
841 1840 889 1888 id
929 1839 1203 1905 suppleret,
1247 1839 1378 1904 quod
1407 1839 1689 1905 respublica
1716 1857 1806 1905 per
1831 1839 2019 1888 lucrum

174 1925 536 1989 redemptorum
562 1923 620 1972 de
648 1924 975 1988 vectigalibus
1003 1922 1321 1988 deperdidit‘?

318 2009 430 2058 Mea
458 2008 687 2073 opinione
715 2002 772 2053 τὸ
802 2002 1237 2068 πρασκατάβλημα
1276 2006 1344 2054 nil
1373 2005 1504 2054 aliud
1532 2006 1644 2067 fuit,
1686 2023 1833 2070 quam
1859 2013 2021 2055 certae

176 2093 493 2154 centesimae,
523 2109 642 2157 quas
669 2092 762 2157 ipsi
791 2090 1109 2155 vectigalium
1136 2090 1474 2156 redemptores
1503 2097 1701 2156 praeter
1728 2089 2022 2156 redemptio-

175 2178 251 2226 nis
290 2177 502 2243 pretium
543 2176 733 2224 solvere
774 2174 1049 2234 debebant,
1095 2174 1513 2239 quemadmodum
1555 2181 1724 2223 nostra
1755 2180 1914 2223 aetate
1942 2173 2023 2222 tri-

176 2262 356 2310 butarii
383 2268 576 2325 praeter
604 2259 867 2320 tributum,
909 2259 1053 2323 hujus
1082 2276 1274 2323 quoque
1303 2259 1594 2307 centesimas
1630 2257 1867 2322 pendunt.

320 2343 598 2392 Secundum
639 2340 838 2391 Suidam
879 2349 926 2390 et
966 2341 1227 2402 Photium,
1269 2359 1379 2389 cum
1412 2339 1674 2404 vectigalia
1716 2340 2021 2399 locabantur,

179 2429 275 2477 duo
305 2427 539 2492 temporis
567 2426 760 2475 termini
789 2425 1183 2490 redemptoribus
1212 2441 1383 2474 eorum
1411 2424 1853 2490 praeficiebantur3
1892 2423 2022 2471 intra

179 2529 300 2576 quos
327 2511 538 2576 pecunia
566 2509 628 2559 ab
655 2510 774 2576 ipsis
802 2509 1132 2575 persolvenda
1171 2518 1312 2557 esset.
1366 2509 1564 2557 Partem
1589 2508 1739 2572 igitur
1768 2508 2022 2573 pecuniae,

179 2612 302 2658 quae
330 2594 392 2642 ab
421 2594 540 2659 ipsis
567 2593 616 2641 in
656 2593 898 2642 aerarium
938 2591 1270 2653 inferebatur,
1312 2601 1579 2657 antequam
1622 2591 1885 2655 vectigalia
1923 2590 2022 2640 exi-

181 2695 294 2739 gere
333 2677 658 2742 incepissent,
713 2671 1113 2738 προκαταβολὴν
1163 2676 1312 2724 fuisse
1353 2683 1604 2737 vocatam,
1658 2674 1864 2723 alteram
1905 2691 2022 2723 vero

182 2770 371 2824 partem
398 2756 842 2823 προςκατάβλημα.

324 2844 386 2891 Ηί
415 2861 534 2907 ergo
561 2843 747 2892 nullum
776 2844 964 2892 faciunt
991 2842 1252 2891 discrimen
1294 2843 1421 2891 inter
1459 2843 1622 2908 ipsum
1650 2842 1864 2907 vectigal
1891 2851 1939 2890 et
1964 2838 2022 2889 τὸ

185 2923 629 2989 προσκατάβλιχιια.
680 2928 715 2976 J
719 2945 797 2976 am
825 2945 941 2976 vero
968 2926 1329 2975 Demosthenes
1358 2928 1425 2988 (c.
1454 2927 1716 2975 Timocrat.
1746 2926 1874 2985 731)
1903 2926 2024 2974 haec

183 3008 279 3055 duo
320 3009 445 3057 clarc
487 3011 769 3074 distinguit,
811 3011 1001 3059 dicens:
1055 3028 1203 3074 quum
1246 3010 1561 3072 vectigalium
1602 3009 1781 3058 reditus
1821 3008 2022 3057 admini-

183 3092 400 3139 strationi
430 3110 526 3140 non
555 3094 802 3142 sufficiant
842 3089 931 3153 (οὐ
973 3089 1069 3158 γάρ
1105 3086 1272 3139 ὄντων
1299 3091 1495 3138 ἱκανῶν
1521 3091 1623 3138 τῶν
1649 3094 1709 3137 ἐκ
1736 3089 1838 3137 τῶν
1865 3089 2022 3146 τελῶν

178 3170 505 3235 χρημάτων),
545 3178 611 3224 sic
651 3177 805 3224 dictae
846 3177 1267 3241 adjectiones
1308 3177 1566 3224 solvuntur
1605 3170 1690 3235 (τὰ
1733 3193 2022 3237 προςκατω

182 3254 397 3319 βλήματ’
425 3252 777 3319 ὀνομαζόμενα
806 3256 1223 3322 καταβάλλειαι).

328 3339 670 3387 Demosthenis
712 3343 857 3392 verba
898 3344 1094 3391 nonnisi
1138 3343 1201 3390 ita
1230 3350 1432 3407 p172ssunt
1461 3343 1726 3391 convenire
1755 3360 1865 3391 cum
1893 3343 2023 3392 testi-
