2161 3673
901 213 1096 246 cotho.
1851 199 1917 247 35

78 352 165 411 gat
200 361 401 413 praeco:
455 342 610 406 „Quis
649 358 843 403 eorum,
885 341 967 406 qui
1006 357 1193 389 annum
1229 340 1404 390 aetatis
1444 340 1914 405 quinquagesimum

79 428 401 489 excesserint,
441 425 593 475 verba
619 424 782 474 facere
809 422 985 472 vult?“
1028 422 1128 472 Ubi
1166 430 1331 472 autem
1368 421 1418 470 hi
1456 439 1627 471 omnes
1666 423 1910 486 dixerint,

78 520 182 563 tum
219 511 416 562 demum
451 508 589 558 iubet
627 514 904 556 ceterorum
930 505 1310 555 Atheniensium
1343 506 1566 570 quemvis
1594 506 1764 568 exiis,
1806 507 1911 571 qui-

80 596 175 644 bus
200 595 345 645 liceat
363 632 373 655 ,
413 593 589 643 dicere.

941 660 965 707 1
976 659 1056 708 36.

220 749 357 794 Καθ’
386 742 605 802 ἑκάστην
631 744 911 800 ἐκκλησίαν
951 739 1163 805 δημοσίᾳ
1206 738 1328 804 ἄρας
1364 744 1621 789 ποιεῖσθαι
1648 739 1783 789 κατὰ
1809 740 1914 790 τῶν

81 827 339 893 πονηρῶν,
380 832 469 876 καὶ
507 827 557 875 εἴ
589 847 659 882 τις
699 824 832 889 δῶρα
870 822 1154 889 λαμβάνων
1187 823 1316 888 μετά
1354 823 1516 873 ταῦτα
1554 828 1684 892 λέγει
1711 829 1802 874 καὶ
1829 845 1910 893 γι-

78 910 260 961 νώσκει
288 915 395 974 περὶ
422 909 525 959 τῶν
550 907 860 977 πραγμάτιον
878 947 888 965 ,
930 906 1085 967 ἐξώλη
1112 907 1304 957 τοῦτον
1330 906 1472 959 εἶναι.

928 992 1189 1054 (Dinarch.
1219 1009 1256 1041 c.
1287 992 1539 1057 Aristogit.
1568 990 1765 1058 §.16.).

945 1100 1057 1149 136.

218 1187 277 1237 In
293 1186 500 1251 singulis
527 1185 844 1235 concionibus
871 1193 1042 1233 contra
1067 1182 1319 1248 improbos
1347 1181 1542 1247 publice
1570 1184 1691 1231 fiant
1718 1199 1914 1232 execra-

77 1269 249 1330 tiones,
276 1276 336 1329 et,
365 1269 403 1317 si
420 1269 527 1334 quis
554 1269 692 1318 donis
725 1268 938 1333 acceptis
968 1266 1122 1314 verba
1153 1265 1339 1314 faceret
1365 1272 1414 1313 et
1440 1264 1500 1314 de
1526 1265 1674 1314 rebus
1702 1265 1911 1331 publicis

79 1360 339 1411 statueret,
379 1351 597 1418 perditus
625 1359 742 1400 estc.

210 1502 461 1568 Ἐκείνῳ,
503 1500 636 1558 ὅστις
661 1501 755 1561 τήν
782 1500 929 1549 πόλιν
956 1497 1177 1563 ἐξαπατᾷ
1204 1504 1294 1547 καὶ
1323 1497 1385 1548 οὐ
1415 1503 1542 1567 λέγει
1571 1497 1604 1548 ἅ
1631 1508 1841 1566 φρονεῖ,
1883 1496 1910 1550 ὁ

78 1585 233 1651 κῆρυξ
261 1586 540 1651 καταρᾶται
570 1585 791 1640 δικαίως.
939 1586 1007 1646 (Ε
1034 1585 1288 1633 Demosth.
1317 1584 1377 1634 de
1404 1603 1585 1635 corona
1612 1587 1772 1647 319.).

217 1768 312 1830 Qui
364 1767 717 1834 rempublicam
770 1766 955 1830 decipit
996 1773 1044 1814 et
1082 1763 1357 1813 dissimulat
1408 1782 1532 1828 quae
1572 1767 1747 1827 sentit,
1802 1784 1914 1815 eum

79 1869 256 1917 praeco
281 1852 384 1900 iure
412 1860 704 1901 exsecratur.

943 1920 1053 1968 138.

205 1989 403 2052 ’Ἔξεστι
432 1990 750 2054 πρῶτονμὲν
775 1988 845 2055 τῷ
876 1988 1205 2054 πρεσβυτάτῳ
1244 1987 1347 2037 τῶν
1387 1988 1608 2038 πολιτῶν
1641 1988 1914 2054 σωφρόνως

79 2079 157 2124 ἐπὶ
184 2075 241 2124 τὸ
267 2076 406 2140 βῆμα
433 2074 739 2140 παρελθόντι
782 2071 905 2123 ἄνευ
947 2072 1180 2137 θορύβου
1219 2078 1308 2121 καί
1336 2073 1555 2137 ταραχῆς
1583 2079 1633 2134 ἐξ
1660 2078 1914 2139 ἐμπειρίας

84 2158 140 2206 τά
167 2161 396 2224 βέλτιστα
421 2158 480 2221 τῇ
509 2158 650 2207 πόλει
677 2156 1074 2223 συμβουλεύειν·
1115 2155 1351 2221 δεύτερον
1384 2156 1427 2205 δ’
1455 2153 1544 2217 ἤδη
1571 2162 1660 2205 καὶ
1686 2157 1790 2207 τῶν
1816 2153 1912 2206 ἅλ-

78 2246 180 2291 λων
205 2243 425 2291 πολιτῶν
460 2240 557 2291 τὸν
592 2241 919 2307 βουλόμενον
956 2245 1084 2289 καθ’
1124 2236 1338 2299 ἡλικίαν
1368 2246 1527 2305 χωρὶς
1564 2245 1654 2290 καὶ
1694 2246 1750 2291 ἐν
1776 2246 1913 2306 μέρει

79 2330 186 2390 περὶ
214 2325 435 2375 ἑκάστου
461 2325 668 2394 γνώμην
694 2324 1093 2387 ἀποφαὶνεσθαι.

543 2411 799 2473 (Aeschin.
825 2412 877 2460 in
903 2409 1211 2476 Ctesiphont.
1240 2406 1283 2474 ξ.
1312 2409 1356 2457 2.
1383 2409 1487 2459 Lex
1515 2409 1766 2471 Solonis).

939 2518 1052 2566 138.

217 2589 276 2639 Ei
302 2589 537 2656 primum,
579 2590 660 2655 qui
700 2609 760 2640 ex
799 2590 987 2640 civibus
1024 2596 1097 2637 est
1122 2596 1282 2637 aetate
1310 2589 1614 2653 provectior,
1653 2590 1704 2638 in
1730 2607 1909 2654 sugge-

78 2682 206 2723 stum
230 2674 476 2740 pudenter
513 2674 861 2735 adscendenti,
903 2674 1008 2722 sine
1048 2672 1256 2737 strepitu
1295 2689 1351 2720 ac
1391 2672 1602 2720 tumultu
1631 2689 1691 2722 ex
1716 2690 1807 2722 usu
1834 2691 1909 2723 re-

20 2773 24 2777 ·
75 2773 185 2806 rum
222 2757 408 2823 optima
448 2756 748 2823 reipublicae
789 2758 993 2806 consilia
1031 2756 1146 2805 dare
1187 2756 1357 2815 liceat,
1399 2754 1576 2804 deinde
1608 2756 1716 2820 jam
1755 2757 1910 2806 cuivis

75 2841 280 2900 civium,
321 2858 409 2906 pro
448 2858 535 2888 sua
572 2842 805 2905 cujusque
847 2848 1033 2893 aetate,
1075 2857 1292 2888 seorsum
1333 2846 1381 2887 et
1419 2856 1507 2902 per
1542 2839 1676 2888 vices
1703 2841 1909 2905 singulis

75 2923 135 2973 de
163 2924 305 2973 rebus
332 2923 604 2973 sententiae
632 2923 869 2972 dicendae
897 2929 1113 2988 potestas
1141 2930 1258 2970 esto.

220 3099 324 3149 Τὸν
351 3101 465 3149 εἴσω
492 3099 770 3163 τριάκοντα
796 3098 925 3148 ἐτῶν
945 3096 1015 3163 μή
1047 3098 1356 3163 δημηγορεῖν,

847 3185 1078 3248 (Argum.
1106 3183 1158 3230 in
1185 3183 1379 3231 Libanii
1406 3184 1485 3232 24.
1515 3184 1761 3242 declam.).

938 3291 1049 3338 139.

216 3364 289 3413 Ne
320 3365 424 3428 quis
452 3366 654 3430 triginta
681 3364 822 3412 annis
848 3363 1008 3411 minor
1036 3360 1165 3426 apud
1193 3362 1430 3427 populum
1456 3361 1612 3410 verba
1637 3361 1797 3409 faciat.

1569 3442 1622 3482 3³⁸2·
