2114 3642
153 209 252 259 316
868 221 948 252 JUS
974 219 1248 253 PUBLICUM.

147 369 303 417 neque
330 353 380 400 in
407 348 677 399 custodiam
703 362 861 410 neque
886 345 937 392 in
976 346 1174 395 vincula
1211 345 1427 396 dandum
1466 363 1598 410 esse3
1638 347 1767 412 quod
1796 349 1834 396 si
1862 349 1970 413 quis

147 435 428 495 violaverit⁷
468 430 653 495 ingenti
680 428 862 476 mulcta
888 426 1142 492 plectatur.

978 534 1128 584 1242.

286 626 531 684 Δικαστάς
557 625 656 675 ἀπὸ
685 625 953 692 συμβόλων
980 626 1273 696 εἰσάγουσιν
1299 631 1346 677 οἱ
1376 633 1700 693 θεσμοθέται.

1321 717 1524 776 (Pollux
1552 717 1689 778 XIII,
1718 716 1826 774 88.)

986 785 1135 835 1242.

282 881 669 946 Reciperationis
687 880 880 946 judices
906 881 1144 930 inducunt
1170 882 1565 933 Thesmothetae.

985 988 1132 1037 1243.

287 1078 359 1127 Tot
387 1079 617 1145 σύμβολα
643 1078 796 1145 κύρια
822 1078 966 1138 εἶναι,
995 1079 1198 1130 ἐπειδὰν
1223 1086 1279 1131 ἐν
1301 1082 1372 1148 τῷ
1403 1082 1707 1148 δικαστηρίῳ
1733 1083 1961 1148 κυρωθῇ.

991 1167 1268 1228 (Demosth.
1299 1168 1357 1217 de
1386 1169 1687 1219 Halonneso.
1717 1170 1825 1229 78.)

983 1275 1133 1323 1243.

279 1369 586 1434 Reciperatio
615 1376 722 1418 rata
748 1377 878 1431 esto,
920 1370 1002 1418 ubi
1028 1371 1078 1419 in
1098 1370 1284 1436 judicio
1313 1372 1601 1420 confirmata
1627 1371 1787 1421 fuerit.

274 1578 542 1639 Ἀθηναῖοι
572 1577 672 1627 ἀπὸ
701 1578 972 1645 συμβόλων
997 1580 1338 1640 δικαζέτωσαν
1368 1589 1472 1639 τοῖς
1498 1577 1756 1641 ὑπηκόοις.

976 1667 1201 1727 (Bekker
1228 1667 1414 1717 Anecd.
1442 1686 1513 1732 gr.
1543 1669 1579 1719 I.
1607 1688 1654 1734 p.
1683 1668 1822 1728 436.)

980 1774 1128 1824 1244.
1657 1781 1661 1786 ’

278 1866 603 1917 Athenienses
655 1868 922 1917 secundun]
969 1877 1116 1934 pacta
1164 1876 1411 1919 conventa
1445 1870 1671 1935 judicent
1707 1871 1816 1919 lites
1855 1870 1959 1919 sub-

139 1951 359 2001 (litorum.

975 2024 1121 2073 1245.

262 2112 628 2176 ’Ἑκκλητος
667 2115 834 2174 πόλις,
876 2110 937 2176 ἣν
964 2112 1029 2164 ἂν
1055 2118 1347 2165 ἐκκαλεῖταί
1380 2136 1449 2172 τις
1487 2119 1556 2173 εἰς
1591 2115 1649 2166 τὸ
1688 2119 1957 2182 κρίνεσθαι

137 2198 366 2259 δηλονότι
393 2198 483 2259 τὴν
509 2199 704 2264 πρώτην
730 2197 790 2248 οὐ
822 2202 1038 2266 στέργων
1072 2201 1270 2263 κρίσιν,
1311 2193 1376 2255 ὦς
1403 2198 1523 2264 πρὸς
1551 2201 1749 2265 ἔχθραν
1775 2203 1957 2265 κρίνα-

136 2299 231 2332 σαν
268 2280 297 2342 ⁷³7x
335 2281 454 2349 πρὸς
484 2286 666 2348 χάριν·
709 2284 862 2342 ἔξεστι
904 2282 952 2330 δὲ
992 2289 1095 2338 τοῖς
1127 2284 1224 2347 μὲν
1262 2286 1419 2341 ξένοις
1453 2288 1785 2332 ἐκκαλεῖσθαι
1815 2282 1961 2332 πόλιν

136 2361 323 2425 ἄλλην,
362 2373 465 2422 τοῖς
493 2365 541 2416 δὲ
570 2368 795 2422 πολίταις
823 2363 1009 2417 οὐκέτι.
1289 2370 1596 2434 (Etymolog'.
1625 2369 1818 2433 Magn.)

985 2477 1131 2524 1245.

276 2572 549 2621 Provocata
589 2571 761 2620 civitas
802 2579 875 2620 est
913 2571 975 2621 ad
1013 2588 1157 2637 quam
1191 2571 1297 2636 quis
1329 2570 1502 2636 judicii
1529 2587 1674 2619 causa
1700 2579 1958 2636 provocat,

138 2656 217 2718 qui
245 2656 430 2719 primae
457 2656 728 2704 sententiae
756 2657 858 2705 sive
886 2673 944 2705 ex
973 2655 1084 2703 odio
1111 2656 1211 2703 sive
1230 2672 1253 2703 e
1277 2656 1491 2719 partium
1518 2655 1677 2703 studio
1705 2655 1831 2704 latae
1857 2673 1958 2703 non

139 2738 410 2801 acquiescit.
462 2739 599 2788 Licet
624 2746 787 2787 autem
812 2739 1087 2804 peregrinis
1120 2738 1424 2787 solummodo
1451 2738 1512 2787 ad
1538 2739 1682 2787 aliam
1712 2739 1958 2788 civitatem

141 2838 432 2884 provocare,
474 2841 574 2871 non
601 2823 748 2871 etiam
773 2822 974 2871 civibus.

274 3018 487 3089 ’1170ng
513 3029 600 3074 καὶ
628 3029 841 3090 λιμένων
868 3024 1121 3091 εἴργεσθαι
1158 3025 1245 3068 καὶ
1285 3020 1692 3080 ἀπελαύνεσθαι,
1735 3020 1865 3087 παρὰ
1896 3020 1953 3070 τά

141 3103 291 3153 κοινά
323 3106 493 3154 δίκαιά
522 3113 634 3157 ἐστι.
1205 3109 1478 3165 (Plutarch.
1508 3109 1678 3157 Pericl.
1706 3110 1813 3168 29.)

280 3275 418 3323 Foris
480 3282 526 3322 ct
588 3278 822 3339 portubus
887 3277 1131 3340 prohiberi
1192 3283 1239 3324 et
1289 3274 1437 3323 arceri
1494 3274 1633 3323 nefas
1686 3282 1790 3324 esto
1842 3274 1952 3339 jure

143 3358 374 3426 genffium.
