2161 3673
247 236 313 283 58
962 250 1041 281 sos
1066 246 1341 281 PUssLlcUM.

382 448 779 516 Nomophylaces
820 448 1010 509 (legum
1037 371 1291 504 ουξὲοίὲθε)
1330 445 1490 493 fasciis
1522 444 1646 493 albis
1674 449 1902 502 utuntur,
1944 454 1991 491 et
2017 443 2066 491 in

242 533 529 600 spectaculis
556 549 581 581 e
609 533 806 596 regione
834 543 1010 577 novem
1036 525 1329 576 archontum
1355 529 1405 576 in
1439 528 1572 577 sellis
1599 526 1851 576 curulibus
1879 524 2066 585 sedent,

241 616 358 665 item
382 615 593 665 Palladis
621 629 852 679 pompam
878 609 1143 668 adornant,
1183 626 1295 658 cum
1333 610 1649 658 simulacrum
1688 609 1792 675 ejus
1832 608 1895 658 ad
1932 624 2065 657 mare

243 697 467 747 defertur.
519 696 714 758 Cogunt
741 694 885 741 etiam
911 693 1226 757 magistratus
1253 708 1448 742 servare
1476 692 1638 756 leges,
1667 699 1714 740 et
1738 692 1789 741 in
1816 691 2064 740 concioni-

241 780 332 828 bus
366 778 578 828 assident
616 776 947 842 praesidibus,
988 775 1316 841 impedientes
1355 774 1539 840 nequid
1579 773 1896 837 decernatur,
1934 774 2066 840 quod

240 863 317 911 vel
342 861 531 925 legibus
557 859 806 910 adversari
834 860 914 908 vel
941 858 1241 925 reipublicae
1269 859 1449 909 damno
1476 858 1580 908 fore
1607 858 1869 908 videretur.

1089 967 1204 1015 217.

380 1050 438 1096 Oi
479 1049 581 1097 τῶν
620 1048 789 1112 νόμων
827 1048 1052 1110 φύλακες
1092 1051 1526 1112 ἐπιμελείσθωσαν
1563 1046 1666 1095 τῶν
1705 1051 2063 1112 πλημμελουν-

235 1149 350 1189 των,
380 1131 579 1197 πρῶτον
597 1133 695 1195 μὲν
721 1130 1105 1189 νουθετοῦντες,
1132 1129 1190 1180 sa*
1200 1151 1228 1180 ν
1256 1130 1305 1180 δὲ
1326 1129 1398 1195 μή
1428 1133 1725 1189 πείθωνται,
1755 1129 2061 1195 ζημιοῦντες.

1329 1214 1597 1277 (Stobaeus
1623 1232 1766 1265 serm.
1796 1216 1920 1276 42.)

1085 1288 1200 1336 217.

372 1360 562 1422 Legum
605 1360 830 1409 custodes
868 1360 1130 1424 invigilent
1172 1358 1592 1423 delinquentibus,
1634 1376 1691 1409 ac
1716 1360 1934 1427 primum
1958 1357 2061 1424 qui-

234 1444 347 1492 dem
371 1443 692 1504 admoneant,
722 1443 761 1492 si
787 1460 904 1492 vero
931 1461 1031 1492 non
1059 1443 1360 1506 obedierint,
1396 1443 1604 1510 puniant
1630 1461 1729 1493 eos.

372 1627 458 1677 Εὐ
479 1630 561 1678 θύ
578 1650 683 1679 ναι
723 1630 844 1680 δέκα
870 1631 962 1680 τὸν
989 1629 1215 1696 ἀριθμόν
1241 1634 1370 1680 εἰσιν
1396 1626 1602 1696 ἄνδρες,
1643 1637 1754 1695 παρ’
1785 1628 1859 1687 οἷς
1886 1626 2063 1678 διδόα-

233 1729 314 1761 σιν
339 1714 386 1760 οἱ
413 1711 802 1777 πρεσβεύσαντες
830 1711 858 1774 ἢ
884 1710 1124 1780 ἄρξαντες
1165 1710 1196 1774 ἢ
1237 1712 1580 1773 διοικήσαντές
1606 1734 1652 1762 τι
1679 1714 1782 1763 τῶν
1808 1712 2062 1778 δημοσίων

233 1790 321 1852 τοὶς
348 1792 404 1844 εὐ
415 1794 592 1852 θύνας.
1519 1799 1918 1866 (Harpocratio.)

1083 1872 1144 1920 21
1189 1911 1198 1922 .

371 1939 639 1990 Exactores
667 1949 780 1991 sunt
806 1942 977 1992 decem
1002 1873 1205 1993 nume?o
1239 1944 1356 2006 viri,
1399 1942 1530 2009 apud
1556 1960 1678 2009 quos
1705 1943 1787 2009 qui
1811 1941 2058 2008 legatione

231 2022 384 2072 functi
411 2031 576 2085 erant,
602 2032 687 2074 aut
710 2025 1052 2091 magistratum
1075 2033 1358 2091 gesserant,
1386 2034 1470 2076 aut
1497 2026 1680 2092 aliquid
1706 2042 1872 2075 rerum
1898 2024 2058 2092 publi-

229 2122 396 2156 carum
421 2106 916 2171 administraverant,
959 2110 1171 2160 rationes
1197 2110 1422 2161 reddunt.

1084 2217 1199 2266 219.

367 2291 453 2355 Ἐξ
481 2294 689 2355 ἑκάστης
715 2295 875 2358 φυλῆς
900 2301 988 2346 ἕνα
1018 2292 1250 2348 εὔθυνον
1275 2297 1518 2363 κληροῦν,
1534 2294 1698 2360 τούτῳ
1727 2294 1776 2344 δὲ
1805 2293 1898 2344 δύο
1926 2315 2055 2362 παρ-

235 2377 417 2441 έδρους.
1533 2381 1723 2444 (Photii
1751 2381 1914 2443 Lex.)

1084 2456 1199 2504 219.

372 2524 410 2572 Ε
437 2524 633 2588 singula
671 2525 800 2575 tribu
840 2543 964 2575 unus
1005 2534 1204 2577 exactor
1237 2537 1365 2577 sorte
1393 2527 1600 2592 eligatur
1625 2543 1735 2575 cum
1761 2525 1954 2575 duobus
1978 2541 2052 2574 as-

234 2607 516 2656 sessoribus.

1085 2681 1199 2728 220.

377 2756 505 2814 Τούς
532 2763 750 2825 πρέσβεις
778 2765 978 2810 ἑλέσθαι
1005 2765 1066 2810 ἐκ
1092 2759 1299 2810 πάντων
1332 2758 1644 2818 Ἀθηναίων.

1167 2846 1445 2905 (Demosth.
1475 2846 1534 2895 de
1562 2863 1726 2895 coron.
1755 2845 1912 2904 235.)

1083 2954 1198 3001 220.

375 3020 542 3081 Legat-i
571 3038 629 3069 ex
657 3025 885 3073 omnibus
913 3025 1294 3074 Atheniensibus
1322 3025 1611 3088 deligantur.

370 3208 529 3267 Χρεία
568 3211 667 3255 ἐστὶ
702 3211 829 3272 μετά
871 3211 963 3270 τήν
994 3215 1324 3277 χειροτονίαν
1363 3213 1457 3261 τοῦ
1497 3213 1659 3275 δήμοι-
1700 3214 1899 3260 εἰσιείἀι
1940 3213 2054 3271 τούς

232 3289 451 3351 πρέσβεις
478 3293 545 3346 εἰς
575 3288 663 3348 τὴν
688 3292 912 3354 βουλὴν,
952 3299 1037 3344 ἰἰά
1064 3295 1361 3360 ἐπικυρωθῇ
1387 3293 1558 3351 αὐτοῖς
1590 3290 1613 3354 ἦ
1644 3295 1827 3355 ἔξοδος.

691 3376 878 3436 (Schol.
907 3380 954 3429 in
984 3378 1212 3432 Aeschin.
1242 3381 1299 3433 de
1328 3382 1436 3432 mal.
1465 3389 1586 3447 gest.
1616 3381 1758 3448 legat.
1788 3384 1906 3446 91).
