2114 3642
132 236 234 286 430
519 248 921 284 COMMENTARIUS
949 247 1018 279 AD
1045 245 1104 280 90.
1133 244 1190 281 91.
1219 244 1277 281 92.
1306 246 1364 281 94.
1395 247 1451 281 98.
1482 247 1561 282 107.

131 396 337 444 eumque
379 395 670 428 eonsensum
707 375 925 423 tribuum
963 392 1160 424 suarum
1197 375 1396 424 nomine
1447 381 1757 424 testarentur.
1823 375 1963 425 Sorte

131 471 294 512 autem
335 463 654 527 capiebantur
681 466 729 507 et
755 459 815 507 ad
849 458 1198 508 brevissimum
1234 466 1455 525 tempus,
1499 477 1597 524 quo
1636 459 1797 508 minor
1834 466 1964 507 esset

129 545 331 594 fallendi
371 563 452 594 eos
480 551 561 592 aut
587 541 956 606 eorl-rumpendi
996 541 1215 590 facultas.
1274 542 1538 591 Paullatim
1575 551 1743 592 tamen
1781 541 1963 591 factum

131 646 236 677 esse
263 628 480 687 videtur,
520 634 572 674 ut
598 626 647 673 hi
674 643 705 673 n
723 643 749 673 o
766 644 800 673 n
827 625 1204 674 contribule
1221 644 1242 674 s
1270 626 1521 691 praesides
1547 627 1823 692 promiscue
1852 643 1963 673 eum

128 710 419 776 prytanibus
459 709 629 757 officiis
669 708 961 772 quibusdam
999 707 1346 772 fungerentur,
1388 726 1511 772 quae
1552 709 1821 774 antiquitus
1857 708 1962 756 illo-

128 811 232 842 rum
258 793 457 858 propria
483 792 706 853 fuerant3
746 809 842 855 quo
870 792 919 840 id
965 809 1159 857 quoque
1198 793 1440 856 pertinet,
1483 794 1694 859 posteris
1733 792 1962 857 tempori-

126 878 214 924 bus
242 875 477 938 suffragia
502 876 691 924 senatui
720 883 768 923 et
793 876 980 941 populo
1009 875 1123 924 data
1149 893 1255 924 esse
1283 877 1344 924 ab
1379 877 1454 925 his
1492 877 1799 942 praesidibus
1839 892 1962 923 non

125 959 638 1017 contribulibus.

263 1137 587 1203 Harpocratio
615 1140 690 1199 (in
717 1139 872 1202 κυρία
900 1140 1177 1201 ἐκκλησία)
1221 1140 1392 1189 eadem
1432 1140 1625 1201 dicens,
1667 1139 1795 1188 diem
1822 1139 1960 1188 nefa-

123 1229 253 1270 stum
279 1240 380 1271 non
408 1231 551 1272 vocat
577 1216 772 1282 ἄφετον
798 1225 884 1274 sed
912 1220 1179 1285 (ἐφέσιμον.

923 1364 1022 1418 Ad
1064 1367 1156 1419 91.

263 1471 423 1521 Sehol.
464 1473 513 1521 in
553 1474 807 1523 Demosth.
848 1473 907 1522 de
945 1474 1050 1524 fals.
1091 1475 1239 1538 legat.
1268 1475 1385 1535 419,
1426 1476 1517 1523 26:
1550 1468 1617 1521 ‘0
1642 1471 1794 1529 τόπος
1823 1473 1960 1521 ἔνθα

121 1550 414 1601 δειπνοῦσιν
442 1556 487 1602 οἱ
518 1554 811 1620 πρυτάνεις,
853 1559 943 1603 καί
975 1555 1128 1612 θόλος
1164 1560 1406 1604 καλεῖται.
1463 1559 1679 1619 (Locus,
1720 1560 1802 1607 ubi
1844 1576 1958 1624 pry-

120 1644 254 1686 tanes
283 1648 518 1700 coenant,
559 1641 705 1689 etiam
732 1641 893 1689 tholus
922 1643 1167 1699 vocatur.)

263 1887 465 1937 Suislas:
503 1887 600 1935 71Ἰᾶ
621 1893 719 1947 ζα·
748 1892 934 1953 κυρίως
962 1885 985 1949 ἦ
1014 1888 1175 1953 τροφή
1208 1885 1232 1949 ἢ
1264 1887 1363 1937 ἀπὸ
1394 1889 1649 1957 γάλακτος
1677 1895 1764 1939 καί
1795 1894 1955 1948 σίτου,

120 1966 250 2032 παρὰ
280 1968 336 2017 τὸ
357 1970 628 2034 βιάζεσθαι.
685 1975 916 2037 (Maza,
958 1976 1156 2042 proprie
1199 1976 1334 2024 cibus
1363 1993 1386 2023 e
1416 1976 1542 2024 lacte
1573 1985 1618 2025 et
1645 1977 1803 2026 farina
1843 1993 1954 2025 eon-

119 2054 299 2117 feetus,
330 2074 357 2105 a
383 2057 666 2121 pinsendo.)

921 2128 1019 2180 Ad
1061 2130 1165 2182 94.

258 2234 457 2285 Bekker
496 2236 680 2286 Aneod.
720 2255 792 2302 gr.
833 2240 870 2288 I.
910 2258 955 2305 p.
1000 2241 1126 2288 245:
1179 2235 1464 2301 Εἰσιτὴρια·
1519 2239 1700 2294 θυσίας
1760 2234 1955 2302 ὄνομα,

116 2312 243 2364 ὅταν
267 2317 536 2380 βουλεύειν
565 2316 593 2377 ἢ
620 2316 747 2368 ὅταν
773 2315 954 2382 ἄρχειν
980 2342 1051 2377 τις
1085 2320 1429 2387 χειροτονηθῇ
1449 2337 1458 2347 ·
1497 2324 1609 2370 τότε
1636 2320 1732 2389 γάρ
1761 2323 1949 2370 ἔθυον·

119 2402 276 2447 θυσία
317 2399 411 2467 γάρ
450 2405 550 2450 ἐστι
590 2405 828 2470 γινομένη
868 2398 969 2452 ὑπὸ
1010 2404 1095 2463 τῆς
1126 2404 1317 2469 βουλῆς
1344 2403 1591 2464 εἰσιούσης
1618 2407 1687 2461 εἰς
1714 2403 1771 2453 τὸ
1803 2404 1954 2453 δικα-

117 2480 331 2545 στήριον.
388 2485 671 2546 (Aditialiaz
713 2487 945 2537 Saerificii
984 2507 1185 2551 nomen,
1228 2509 1376 2555 quum
1416 2491 1520 2555 quis
1546 2491 1597 2539 in
1624 2499 1848 2540 senatum
1878 2492 1956 2540 vel

117 2568 178 2615 ad
217 2570 560 2633 magistratum
600 2572 860 2634 quemdam
900 2572 1106 2636 eligitur.
1171 2573 1312 2622 Tunc
1353 2574 1481 2622 enim
1520 2591 1658 2622 sacra
1696 2575 1955 2623 faciebant.

118 2650 241 2699 Nam
271 2653 481 2702 intrante
508 2654 557 2703 in
591 2655 773 2704 curiam
801 2665 972 2705 senatu
1001 2658 1151 2705 fiebat
1179 2657 1272 2706 hoe
1300 2659 1631 2715 sacrifieium.)

910 2796 1008 2849 Ad
1049 2798 1152 2850 98.

257 2899 429 2964 Lysias
456 2910 626 2951 eontra
653 2902 890 2954 Andocid.
921 2905 979 2954 de
1008 2906 1259 2971 impietate
1289 2904 1331 2971 ξ.
1362 2908 1440 2957 33.
1469 2926 1515 2973 p.
1546 2907 1640 2955 231
1667 2926 1675 2954 :
1717 2907 1950 2969 συμβου-

116 2975 245 3025 λδύὸί
276 2981 343 3034 Εἷς
369 2980 460 3039 τὴν
485 2982 679 3046 βουλὴν
706 2984 877 3034 εἰσιών
904 2991 1011 3050 περὶ
1043 2987 1240 3036 θυσιῶν
1267 2993 1355 3037 καὶ
1385 2988 1648 3053 προσόδιον
1669 2992 1759 3036 καὶ
1782 2986 1951 3050 εὐχῶν

116 3064 203 3107 καὶ
225 3063 490 3123 μαντειῶν.
545 3068 812 3128 (Senatum
849 3072 1100 3136 ingressus
1140 3090 1282 3122 suum
1320 3075 1477 3139 aperit
1504 3074 1761 3123 consilium
1789 3075 1847 3123 de
1875 3092 1948 3123 sa·
1989 3136 1993 3140 q

115 3145 333 3206 crificiiS‚
363 3146 421 3196 de
448 3152 796 3216 vectigalibus,
832 3154 891 3204 de
919 3156 1146 3221 precibus
1176 3169 1222 3205 et
1250 3158 1499 3217 oraculis.)

891 3294 989 3348 Ad
1026 3297 1167 3349 107.

256 3395 532 3461 Xenophon
577 3398 737 3451 histor.
778 3422 847 3465 gr.
880 3407 938 3466 H,
981 3407 1024 3467 3,
1056 3409 1146 3454 48:
1190 3407 1294 3470 Ego
1335 3407 1426 3457 illis
1465 3423 1655 3471 semper
1696 3409 1942 3467 adversor,
