2114 3642
151 211 252 260 498
758 222 1165 255 ςοΜΜΕΝΤΛιῃω
1197 220 1261 251 An
1289 218 1371 253 638.

155 353 390 418 legimus:
432 351 767 416 προσκληθεὶς
794 344 896 394 ἀπὸ
925 343 1010 403 ‘mig
1039 347 1237 402 οἰκίας,
1278 342 1338 393 οὐ
1368 342 1465 412 γάρ
1494 339 1556 403 ἦν
1582 343 1814 407 φανερός.
1863 346 1991 396 Hinc

151 438 370 503 sequitur
395 442 700 495 accusatum,
730 432 769 481 si
795 433 846 481 in
873 432 982 481 foro
1011 449 1110 480 non
1137 431 1457 496 reperiretur,
1493 447 1517 479 e
1546 429 1692 480 domo
1721 428 1916 494 quidem
1941 429 1991 476 in

144 521 226 586 jus
252 528 476 569 vocatum
503 518 665 577 fuisse,
688 515 840 565 sedin
868 514 1017 563 dubio
1045 513 1350 579 relinquitur,
1378 531 1495 562 num
1521 514 1569 561 in
1590 512 1671 577 jus
1697 529 1878 561 vocans
1906 511 1990 561 do-

151 621 284 652 mum
322 600 536 652 accusati
562 600 814 664 ingressus
844 598 1028 648 fuerit?
1076 596 1297 646 Dubium
1334 604 1500 645 tamen
1526 596 1674 645 solvit
1705 597 1786 662 jus
1813 595 1989 643 Roma-

152 703 270 735 num
296 682 762 748 Antejustinianum,
791 682 923 747 quod
950 681 1000 729 in
1028 681 1193 729 multis
1219 680 1435 729 imitatur
1462 680 1598 745 leges
1615 678 1816 729 Atticas.
1845 677 1993 743 Apud

152 769 400 818 Romanos
434 773 600 815 autem
642 766 896 833 »plerique
925 770 1225 831 putaverunt
1251 764 1442 812 nullum
1467 763 1527 812 de
1554 762 1700 812 domo
1728 779 1815 812 sua
1840 761 1890 810 in
1908 761 1992 826 jus

151 850 312 900 vocari
340 849 510 898 licere:
551 849 665 915 quia
703 848 874 897 domus
913 846 1209 896 tutissimum
1247 846 1421 910 cuique
1460 846 1708 910 refugium
1744 851 1890 909 atque
1918 860 1990 892 re-

150 933 459 1000 ceptaculum
485 932 572 982 sit:
613 950 847 998 eumque,
889 932 969 997 qui
996 930 1109 979 inde
1137 930 1188 978 in
1209 930 1289 995 jus
1316 937 1543 991 vocaret,
1585 931 1687 978 vim
1712 929 1892 978 inferre
1920 927 1988 975 vi-

149 1015 299 1066 deri.“
342 1014 572 1080 (Grajus
613 1015 745 1065 Lib.
772 1015 809 1064 Ι.
849 1014 922 1064 ad
964 1014 1172 1078 legem
1210 1013 1322 1063 XII.
1351 1013 1764 1062 Tabularum.
1807 1013 1892 1061 De
1927 1010 1989 1058 in

143 1100 245 1166 jus
288 1098 629 1159 vocando.)

291 1180 422 1245 „Sed
450 1181 489 1231 si
516 1182 703 1231 aditum
730 1181 792 1230 ad
818 1198 869 1230 se
897 1188 1140 1249 praestet,
1179 1187 1264 1230 aut
1304 1196 1363 1229 ex
1402 1180 1602 1245 publico
1629 1179 1988 1245 conspiciatur:

146 1272 276 1314 recte
314 1265 365 1314 in
395 1265 477 1330 jus
517 1282 626 1315 eum
666 1263 832 1314 vocari
873 1264 1105 1313 Julianus
1144 1263 1258 1312 ait.“
1326 1263 1594 1323 (Paulus
1647 1262 1775 1312 Lib.
1828 1263 1864 1312 I.
1917 1261 1989 1310 ad

150 1350 190 1398 Ε
207 1348 237 1398 d
252 1349 267 1398 i
281 1366 307 1398 c
321 1355 340 1398 t
355 1366 386 1398 u
400 1349 491 1409 m.)

291 1431 481 1482 Eadem
519 1432 749 1496 leguntur
794 1432 843 1479 in
885 1431 1085 1495 Eclogis
1123 1430 1449 1480 Basilicorum
1499 1429 1634 1490 (Lib.
1677 1428 1790 1491 VII,
1833 1428 1903 1477 tit.
1943 1428 1988 1476 S.

146 1533 251 1583 cap.
281 1516 404 1576 18).
657 1575 663 1579 ,

290 1600 419 1648 Num
446 1605 609 1648 certus
636 1599 685 1648 in
705 1599 787 1663 jus
815 1598 1026 1647 vocandi
1055 1598 1158 1647 (lies
1186 1597 1332 1647 fuerit
1357 1596 1665 1662 praefinitus,
1695 1613 1797 1645 non
1823 1595 1988 1660 liquet.

148 1683 254 1747 Ego
281 1682 478 1748 quidem
505 1683 695 1748 opinor,
726 1681 1017 1730 clarissimos
1035 1682 1166 1730 viros
1193 1681 1242 1729 M
1259 1698 1283 1730 e
1299 1681 1313 1728 i
1329 1697 1353 1728 e
1370 1698 1439 1729 ru
1456 1698 1504 1728 m
1531 1686 1578 1728 et
1604 1679 1637 1728 S
1655 1679 1726 1729 ch
1743 1697 1770 1727 o
1787 1696 1811 1727 e
1827 1697 1873 1727 m
1891 1697 1919 1728 a
1933 1697 1988 1726 n-

148 1785 288 1817 num
325 1784 428 1816 non
466 1773 596 1815 recte
636 1771 851 1814 statuere
892 1764 1123 1825 (Attisch.
1155 1765 1378 1814 Process.
1408 1783 1453 1830 p.
1485 1764 1641 1824 579),
1683 1781 1792 1812 reos
1820 1763 1991 1828 quinta

147 1849 208 1899 ad
246 1867 492 1899 summum
529 1855 643 1898 ante
683 1849 898 1898 delatam
938 1850 1182 1898 actionem
1222 1848 1298 1897 die
1339 1848 1514 1897 citatos
1553 1847 1729 1909 fuisse,
1768 1864 1883 1895 nam
1910 1847 1989 1896 lex

147 1933 279 1999 apud
317 1931 706 1983 Demosthenem
747 1932 883 1994 (adv.
914 1932 1166 1983 Macartat.
1198 1932 1390 1992 1076),
1430 1931 1491 1981 ad
1519 1947 1663 1996 quam
1691 1938 1989 1997 provocant,

147 2017 437 2082 praescribit
464 2022 516 2065 ut
542 2033 689 2065 causa
717 2017 977 2076 orborum,
1020 2016 1373 2081 epiclerorum,
1419 2014 1674 2064 viduarum
1713 2014 1989 2063 summatim

147 2107 408 2163 tractetur;
446 2116 545 2149 non
570 2106 736 2165 potest
764 2116 883 2164 ergo
911 2099 973 2149 ad
1001 2099 1298 2148 ordinariam
1325 2099 1454 2146 viam
1472 2098 1599 2164 juris
1628 2096 1892 2164 applicari3
1931 2114 1988 2145 eo

147 2184 334 2246 minus,
376 2201 489 2232 cum
518 2200 579 2233 ex
605 2183 690 2232 illa
716 2183 825 2247 lege
853 2200 952 2232 non
981 2200 1094 2249 pars
1121 2183 1346 2247 litigans,
1391 2181 1476 2232 sed
1504 2182 1610 2248 ipse
1637 2182 1821 2231 archon
1849 2188 1991 2229 vocet

148 2268 196 2316 in
215 2267 469 2332 judicium.
496 2295 562 2300 ——
591 2266 755 2316 Nihilo
784 2266 963 2316 rectius
997 2273 1217 2315 statuunt
1244 2265 1514 2315 doctissimi
1540 2265 1630 2314 viri
1658 2263 1988 2330 Strepsiadem

149 2351 225 2412 (in
253 2351 480 2400 Nubibus
507 2349 852 2417 Aristophanis
891 2368 934 2398 v.
969 2350 1098 2398 1131
1133 2359 1179 2399 et
1210 2350 1372 2409 1221)
1413 2350 1583 2414 quinta
1622 2356 1734 2397 ante
1770 2346 1989 2396 ultimam

147 2434 329 2483 mensis
357 2433 483 2483 diem
510 2435 559 2482 in
576 2434 658 2500 jus
688 2441 917 2484 vocatum
947 2434 1111 2483 fuisse.
1165 2433 1219 2483 Id
1255 2450 1568 2498 nequaquam
1594 2432 1812 2481 indicant
1837 2430 1986 2480 verba

149 2517 468 2584 Strepsiadis,
509 2518 589 2583 qui
629 2519 824 2567 nonnisi
862 2527 1089 2567 numerat
1128 2525 1246 2583 quot
1285 2517 1443 2566 adhuc
1482 2517 1579 2565 sint
1616 2516 1718 2565 dies
1746 2533 1900 2581 usque
1927 2517 1988 2565 ad

148 2608 365 2649 veterem
395 2607 443 2650 et
469 2618 677 2660 novum,
717 2618 801 2650 seu
842 2601 1066 2650 ultimum
1104 2601 1309 2660 mensis,
1352 2617 1496 2666 quem
1531 2600 1699 2648 horret
1727 2606 1775 2647 et
1801 2599 1987 2648 abomi-

150 2689 318 2746 natur,
355 2683 396 2732 si
447 2684 576 2732 enim
628 2702 728 2733 non
767 2684 994 2745 solverit,
1049 2685 1298 2734 minantur
1339 2683 1604 2733 creditores
1649 2700 1713 2732 se
1766 2700 1988 2731 nomen

150 2764 359 2829 ipsius
398 2766 745 2816 delaturos
785 2763 1121 2829 (δικάσεσθαί
1166 2767 1291 2826 φασί
1324 2784 1417 2827 μοι
1462 2783 1504 2815 v.
1549 2766 1738 2826 1141),
1788 2766 1902 2830 quia
1939 2766 1988 2812 in

150 2847 369 2910 singulos
407 2866 600 2898 menses
640 2851 850 2916 pecunia
889 2850 1032 2900 datur
1071 2850 1256 2900 foenori
1297 2843 1437 2911 (ὁτιὴ
1473 2845 1607 2895 κατὰ
1629 2846 1767 2909 μῆνα
1794 2843 1988 2913 τάργύ-

150 2947 261 2990 ριον
289 2928 565 2989 δανείζεται
593 2952 637 2982 ν.
667 2934 811 2993 756).
865 2933 1093 2983 Hucdum
1127 2950 1245 2998 ergo
1285 2952 1384 2983 non
1425 2934 1516 2982 fuit
1557 2939 1760 2982 vocatus
1788 2932 1837 2979 in
1857 2931 1985 2996 judi-

151 3012 303 3075 cium,
343 3015 559 3079 alioquin
599 3017 787 3066 nullum
828 3017 1069 3066 haberent
1114 3033 1313 3066 sensum
1365 3017 1537 3066 Pasiae
1566 3016 1719 3064 verba
1752 3015 1986 3076 (1220—

158 3095 305 3144 1221.
333 3098 433 3154 v.):
473 3094 600 3144 ἀλλὰ
641 3096 899 3162 καλοῦμαι
929 3096 1252 3163 Στρεψιάδην
1291 3102 1337 3154 ἐς
1376 3096 1465 3156 τὴν
1503 3101 1621 3156 ἕνην
1662 3117 1709 3145 τε
1735 3099 1823 3143 καὶ
1855 3100 1985 3147 νέαν.

295 3189 496 3240 Accedit
523 3193 651 3255 quod
680 3194 729 3243 in
769 3193 1015 3243 Avibus
1058 3195 1402 3260 Aristophanis
1433 3197 1503 3254 (v.
1535 3194 1697 3252 1046)
1738 3193 1987 3257 inspector

151 3275 304 3324 dicat:
343 3271 600 3335 καλοῦμαι
638 3278 1008 3341 ΙΙεισθέταιροι]
1052 3273 1238 3339 ὕβρεως
1273 3280 1318 3330 ἐς
1351 3273 1437 3323 τὸν
1468 3273 1809 3335 Μουνιχιῶνα
1830 3273 1985 3336 μῆνα.

150 3357 185 3406 J
189 3375 266 3407 am
294 3375 410 3407 vero
436 3356 763 3408 Bacchanalia
792 3360 1002 3421 urbana.
1046 3361 1223 3426 quibus
1251 3360 1370 3410 haec
1399 3361 1562 3410 fabula
1589 3366 1699 3408 acta
1728 3367 1825 3411 est.
1860 3360 1984 3409 eele-
