2114 3642
454 182 861 216 coMMENTAfflos
888 184 956 215 An
984 184 1063 217 429.
1094 183 1174 217 430.
1203 184 1283 219 431.
1312 185 1393 219 438.
1421 183 1501 218 442.
1532 185 1613 218 447.
1850 168 1951 216 475

897 307 994 360 Ad
1020 310 1107 361 42
1117 311 1174 362 9.

257 417 616 482 Thucydid.
656 418 717 477 ΙΙ,
764 417 852 463 15;
893 417 1115 467 Theseus
1155 427 1429 469 ceterorum
1469 418 1766 485 oppidorum
1793 417 1951 465 curias

115 509 162 549 et
190 502 506 564 magistratus
533 499 752 558 sustulit,
795 507 842 547 et
871 518 966 548 una
993 502 1127 550 ouria
1156 520 1349 566 unoque
1377 502 1583 550 oonsilio
1611 501 1875 549 constituto
1903 500 1953 547 in

115 602 221 632 eam
248 584 524 643 civitatem,
570 598 693 646 quae
723 599 854 629 nune
882 591 977 641 est,
1019 601 1188 632 omnes
1216 586 1389 647 coegit.
1444 586 1507 633 Et
1533 585 1593 632 ab
1621 583 1703 632 illo
1732 591 1953 647 tempore

117 667 443 715 Athenienses
472 682 601 712 nune
628 665 772 712 etiam
802 664 930 713 diem
961 666 1137 714 festum
1166 668 1362 715 nomine
1391 667 1469 731 Sy
1488 685 1561 715 no
1579 685 1602 715 e
1620 667 1716 715 oia
1755 666 1806 714 in
1834 665 1953 713 deae

115 750 351 797 honorem
377 747 573 812 publioe
604 755 770 811 agunt.

112 831 113 835 ’
258 831 443 880 Eadem
468 831 618 878 habet
644 829 937 878 Plutarchus
965 830 1284 891 (Theseus
1320 833 1441 891 24),
1483 832 1573 880 nisi
1603 832 1732 896 quod
1763 831 1951 896 Synoe-

117 916 189 962 eia
217 914 434 980 appellet
460 914 703 963 Metoeoia
732 915 1043 975 (μετοίκια),
1086 914 1134 962 id
1161 922 1234 963 est
1260 914 1439 963 festum
1466 915 1854 979 immigrationis.

898 1029 997 1081 Ad
1021 1031 1176 1083 430.

262 1141 524 1203 „Ammoni
564 1140 818 1189 immolant
858 1148 1146 1205 praetores,
1199 1141 1346 1190 oredo
1389 1141 1503 1206 quia
1541 1141 1755 1189 theorias
1795 1158 1955 1189 rerum

116 1226 403 1274 bellicarum
442 1243 589 1274 eausa
628 1225 877 1273 oraculum
918 1233 1146 1290 petentes
1188 1226 1248 1274 ad
1276 1225 1566 1277 Ammonem
1606 1226 1796 1272 mittere
1830 1223 1954 1271 sole-

116 1308 283 1357 bant.“
327 1308 699 1357 Boeokhius
739 1308 799 1356 ad
832 1309 930 1355 157
959 1308 1344 1374 inscriptionem.

259 1391 434 1451 Ludis,
476 1409 597 1456 quos
636 1390 775 1438 initio
811 1389 1069 1439 Athenaea
1107 1391 1378 1451 vooabant,
1416 1391 1506 1439 sub
1536 1389 1730 1438 Theseo
1761 1389 1954 1438 demum

117 1474 580 1523 Panathenaeorum
618 1491 798 1521 nomen
836 1473 1044 1522 inditum
1079 1491 1183 1523 esse
1212 1474 1407 1535 dieunt,
1448 1480 1711 1540 propterea
1737 1472 1865 1538 quod
1894 1471 1954 1519 ab

117 1558 342 1605 omnibus
382 1557 744 1605 celebrarentur
773 1554 1158 1606 Atheniensibus
1186 1557 1236 1605 in
1264 1575 1416 1606 unam
1444 1557 1759 1622 congregatis
1788 1555 1955 1604 eivita-

117 1649 228 1689 tenl.
270 1641 661 1701 (Pausanias
697 1640 830 1701 VIII,
861 1641 905 1700 2,
939 1640 1008 1699 1.)

899 1755 998 1807 Ad
1035 1756 1177 1808 431.

261 1867 386 1916 Vide
416 1867 831 1916 Commentarium
866 1867 967 1914 267
996 1875 1043 1915 et
1070 1867 1186 1915 359.

902 1994 1001 2046 Ad
1025 1995 1180 2046 438.

264 2104 406 2163 Quod
447 2107 508 2152 ad
552 2098 819 2166 ὑποβολήν
856 2104 1031 2154 attinet
1059 2104 1227 2153 confer
1255 2105 1476 2153 Leonem
1503 2103 1741 2153 All-atium
1767 2102 1817 2150 in
1846 2102 1958 2149 Vita

120 2188 336 2236 Homeri.
375 2186 532 2255 Lugd.
578 2188 740 2251 16403
793 2217 857 2221 —-
910 2188 1134 2236 Wolfii
1175 2187 1538 2252 prolegomena
1584 2186 1644 2235 ad
1687 2186 1958 2235 Homerum

119 2271 287 2336 (1284
327 2270 400 2319 ed.
442 2272 695 2334 seound.);
757 2270 1079 2320 Boeokhii
1125 2288 1258 2335 corp.
1299 2270 1518 2335 inscript.
1557 2288 1627 2333 gr.
1669 2270 1752 2317 Nr.
1795 2267 1958 2327 30883

120 2353 449 2403 Nitzsohii
490 2354 825 2421 Sagenpoesie
864 2355 947 2402 der
976 2353 1224 2402 Grieohen
1265 2355 1338 2418 (p.
1369 2353 1526 2414 414),
1567 2353 1693 2401 Her
1712 2369 1852 2400 man
1868 2350 1955 2398 nii

120 2438 247 2497 Quid
276 2438 335 2484 sit
367 2429 606 2499 ὑπιορόλή.
637 2439 928 2504 (Opusoula.
957 2438 1064 2487 Vol.
1082 2438 1140 2486 V.
1169 2457 1215 2503 p.
1233 2438 1350 2498 300,
1382 2437 1491 2497 VH,
1520 2456 1565 2503 p.
1595 2438 1736 2498 162);
1765 2435 1953 2484 Geor-

118 2520 207 2582 gii
244 2518 570 2582 Alloquoivov
598 2522 866 2571 Historiam
892 2522 1164 2570 carminum
1191 2521 1566 2570 Homericorum
1593 2520 1812 2570 Graecae
1841 2518 1955 2567 sori-

120 2611 267 2667 ptam.
310 2604 533 2669 (Lipsiae
567 2604 715 2652 1867.
756 2623 802 2669 p.
835 2604 932 2651 159
974 2612 1021 2652 et
1059 2605 1238 2669 seqq).
1290 2603 1602 2668 Dionysii
1641 2601 1958 2651 Theriani

127 2682 196 2732 Τό
229 2679 518 2749 ςΟμηρικόν
546 2683 749 2748 ζήτημα.
790 2684 996 2748 (Κλειώ.
1031 2688 1180 2736 1866.
1220 2688 1305 2736 Nr.
1335 2688 1480 2746 246.)

900 2803 999 2855 Ad
1024 2804 1179 2856 442.

265 2913 425 2961 Sohol.
467 2913 516 2960 in
560 2913 872 2979 Aristophan.
915 2915 1065 2980 Vesp.
1107 2915 1233 2961 544:
1279 2908 1598 2973 (θαλλοφόροι
1628 2911 1674 2957 οἱ
1702 2913 1957 2977 γέροντες,

125 2996 175 3040 οἳ
199 2999 253 3042 ἐν
283 3001 381 3049 τοῖς
416 2997 808 3052 Παναθηναίοις
837 2994 1065 3050 θαλλούς
1106 2996 1309 3055 ἔχοντες
1350 2992 1678 3057 πομπεύουσι.
1730 2995 1956 3055 (Thallo-

124 3078 262 3142 phori
291 3088 405 3128 sunt
431 3096 591 3138 seneS,
634 3081 715 3144 qui
744 3082 868 3130 festo
897 3080 1360 3129 Panathenaeorum
1387 3097 1544 3128 ramos
1571 3087 1820 3145 gestantes
1849 3096 1957 3127 oum

126 3179 305 3227 pompa
330 3164 607 3223 incedunt.)

900 3232 999 3284 Ad
1028 3232 1183 3284 447.

268 3327 547 3379 Athenaeus
590 3330 753 3391 (XIII,
786 3329 901 3390 587,
931 3330 981 3388 6)
1022 3330 1249 3389 miratur,
1291 3346 1461 3394 passos
1500 3347 1605 3380 esse
1635 3328 1958 3378 Athenienses
