2114 3642
146 259 248 308 550
547 270 954 307 COMMENTARIUS
982 266 1051 298 AD
1083 262 1188 299 1038.
1219 263 1322 299 1043.
1353 263 1456 300 1046.
1486 264 1590 299 1048,

143 419 344 467 rumque
372 403 445 451 vis
474 401 621 451 etiam
648 415 733 464 per
761 412 845 445 eos
873 394 1191 456 diffunditur,
1234 395 1315 460 qui
1355 395 1512 444 vitiati
1555 396 1764 445 fuerant.
1818 396 1991 462 Neque

144 485 262 535 vero
289 486 431 535 decet
457 486 505 533 in
535 483 771 532 seditione
799 476 931 527 nullo
965 478 1082 526 mali
1121 495 1294 539 sensu,
1336 479 1469 528 nullo
1513 479 1681 528 dolore
1710 480 1991 545 perculsum

146 570 314 618 sedere
343 586 400 617 ac
427 585 565 616 suam
593 566 745 612 vitam
771 564 968 612 beatam
1009 562 1324 627 praedicare,
1366 561 1669 627 aliorumque
1697 563 1891 611 interim
1919 580 1989 612 er-

143 653 335 701 roribus
363 649 616 706 delectari,
658 648 742 697 sed
785 655 990 712 utraque
1032 663 1140 695 cum
1181 653 1323 711 parte
1352 646 1685 696 conferendus
1714 663 1900 704 sermo,
1941 654 1993 696 ut

145 735 302 784 neutri
330 741 376 782 te
405 748 662 796 aggreges.
913 798 1012 850 Ad
1043 799 1213 851 1038

286 913 460 961 Suidas
501 930 534 959 s.
564 929 608 958 v.
649 906 851 975 γραφὴ·
893 909 1225 959 Instituuntur
1269 910 1608 958 accusationes
1648 910 1797 958 etiam
1834 910 1895 958 ob
1927 910 1994 957 le-

142 1016 230 1061 ges
259 1005 304 1046 et
332 996 555 1056 decreta,
598 1011 722 1058 quae
764 1010 1025 1059 perperam
1065 993 1164 1041 lata
1193 993 1449 1053 videntur;
1491 1011 1615 1057 quae
1645 994 1865 1041 actiones
1896 1010 1993 1039 rsa-

143 1076 382 1141 ρανὸμων
409 1085 664 1128 vocantur.
719 1079 832 1127 Non
860 1078 1016 1126 solum
1059 1084 1222 1126 autem
1264 1094 1375 1125 cum
1403 1077 1510 1141 quis
1538 1076 1791 1125 decretum
1819 1084 1901 1124 aut
1927 1078 1992 1125 le*

142 1181 257 1226 gem
283 1163 497 1227 aliquam
523 1169 746 1222 accusat,
782 1157 1093 1223 παρανόμων
1112 1160 1356 1226 judicium
1382 1160 1636 1209 instituere
1666 1160 1867 1218 dicitur,
1911 1160 1995 1208 sed

141 1264 321 1295 nomen
362 1247 455 1294 hoc
492 1246 551 1294 de
591 1245 698 1294 aliis
737 1245 883 1293 etiam
920 1244 1206 1293 criminibus
1245 1244 1455 1309 publicis
1492 1243 1682 1293 dicitur.
1737 1245 1994 1308 Frequens

143 1338 308 1380 autem
335 1330 470 1379 vocis
498 1347 613 1379 usus
642 1336 715 1378 est
741 1328 873 1395 apud
903 1336 1137 1377 oratores.

916 1469 1015 1522 Ad
1044 1470 1234 1522 1043.

284 1581 565 1631 Secundum
580 1580 775 1628 Zaleuci
804 1579 981 1642 legem,
1011 1580 1047 1628 si
1074 1580 1180 1643 quis
1209 1579 1532 1629 Locrensium
1549 1581 1991 1646 Epizephyriorum

144 1673 410 1729 aegrotans
450 1665 619 1712 vinum
657 1681 847 1712 merum
885 1663 1118 1723 bibisset,
1160 1681 1259 1711 non
1293 1665 1502 1729 jubente
1544 1664 1764 1721 medico,
1806 1665 1996 1713 etiamsi

146 1748 507 1808 convaluisset,
538 1747 708 1796 mortis
735 1748 778 1795 ei
806 1746 1099 1813 supplicium
1129 1754 1235 1795 erat
1262 1747 1608 1807 constitutum,
1637 1749 1869 1812 quoniam
1897 1764 1994 1796 non

144 1832 508 1898 praescriptum
535 1831 626 1880 sibi
655 1830 864 1880 biberat.
907 1830 1183 1891 (Aelian.
1214 1830 1352 1879 Var.
1384 1831 1479 1879 his
1497 1840 1526 1879 t.
1555 1832 1618 1891 II,
1649 1831 1758 1890 37.)

288 1914 521 1963 Similiter
562 1913 848 1964 Athenaeus
890 1915 978 1975 (X,
1024 1915 1181 1973 429):
1239 1915 1277 1963 E
1317 1915 1426 1980 lege
1468 1933 1496 1963 a
1537 1916 1749 1964 Zaleuco
1788 1916 1916 1974 lata,
1958 1916 1995 1963 si

146 1999 252 2064 quis
280 1999 412 2064 apud
440 1999 626 2047 Locros
653 1999 1013 2064 Epizephyrios
1044 2016 1231 2047 merum
1257 1999 1490 2059 bibisset,
1526 2018 1557 2064 p
1574 2016 1637 2047 ra
1655 2017 1679 2047 e
1698 2008 1716 2047 t.
1733 2017 1756 2048 e
1776 2011 1841 2063 rq
1858 2017 1992 2047 uam

147 2083 195 2131 si
241 2082 528 2131 medicus
574 2082 895 2147 jussisset
948 2082 1361 2131 valetudinis
1411 2100 1632 2141 causa,
1687 2083 1846 2149 capite
1890 2083 1993 2148 ple-

146 2166 383 2215 ctebatur.

920 2233 1020 2286 Ad
1046 2235 1236 2287 1046.

289 2344 570 2393 Secundum
597 2343 817 2392 Platonis
844 2343 1005 2407 Leges
1034 2345 1177 2403 (928,
1205 2343 1408 2405 CQD),
1438 2345 1475 2391 si
1498 2346 1879 2408 magistratuum
1907 2346 1990 2393 ali-

148 2430 253 2493 quis
281 2428 584 2492 negligentia
622 2426 855 2475 damnum
896 2427 1087 2492 pupillo
1128 2428 1347 2475 intulisse
1385 2428 1516 2476 visus
1545 2434 1645 2487 est,
1687 2428 1802 2493 quid
1842 2445 1995 2492 puero

149 2512 363 2576 pendere
417 2529 529 2558 eum
579 2517 832 2576 oporteat,
879 2510 1117 2575 judicium
1158 2512 1438 2571 aestimatO,
1491 2512 1527 2559 si
1570 2529 1686 2560 vero
1727 2511 1994 2576 injustitia,

149 2602 344 2659 praeter
369 2595 604 2643 mulctam
632 2611 660 2642 a
686 2593 851 2656 legum
880 2593 1106 2642 custodia
1132 2601 1426 2642 removetor.

922 2733 1022 2786 Ad
1049 2735 1239 2787 1048.

293 2846 570 2894 Secundum
610 2847 833 2894 Platonis
873 2846 1081 2908 Leges
1123 2846 1404 2906 (X11,941,
1439 2844 1505 2904 Α)
1548 2847 1584 2892 si
1628 2847 1733 2909 quis
1775 2847 1994 2911 legatum

154 2930 230 2977 vel
270 2947 560 2992 praeconem
599 2930 795 2994 publice
835 2931 1038 2977 missum
1080 2930 1353 2977 ementiens
1393 2946 1653 2995 perperam
1694 2930 1994 2993 legationem

154 3012 356 3076 suscipit
396 3013 456 3061 ad
497 3014 742 3061 civitat-em
783 3012 1020 3077 aliquam,
1069 3013 1148 3060 vel
1188 3013 1364 3060 missus
1392 3030 1490 3060 non
1522 3030 1580 3060 ea
1607 3013 1739 3078 ipsa,
1781 3013 1842 3059 ob
1871 3030 1992 3078 quae

156 3095 330 3143 missus
373 3102 466 3151 est,
509 3096 790 3156 denuntiat,
836 3095 911 3143 vel
951 3112 1117 3143 rursus
1157 3095 1218 3142 ab
1259 3095 1482 3143 hostibus
1523 3096 1601 3143 vel
1641 3096 1786 3143 etiam
1826 3098 1994 3145 amicis

157 3185 361 3243 accepta
400 3194 500 3224 non
539 3186 667 3227 recte
708 3179 1014 3227 renuntiasse
1055 3178 1132 3227 vel
1186 3179 1517 3243 proclamasse
1571 3187 1848 3243 compertus
1895 3162 1992 3237 est,

157 3263 374 3312 actiones
401 3261 450 3307 in
477 3261 565 3308 hos
591 3270 734 3312 sunto
761 3270 814 3311 ut
842 3263 921 3327 qui
948 3264 998 3310 in
1026 3262 1252 3311 Mercurii
1294 3270 1341 3311 et
1367 3264 1401 3311 ‚J
1408 3264 1512 3311 ovis
1551 3264 1733 3312 nuntiis
1771 3272 1819 3312 et
1856 3281 1990 3313 man-

160 3345 283 3393 datis
302 3345 384 3408 jus
412 3351 460 3391 et
485 3343 557 3390 fas
586 3345 903 3403 violaverint,
945 3363 1057 3394 cum
1096 3346 1435 3395 aestimatione
1473 3346 1603 3410 ejus,
1646 3347 1775 3409 quod
1802 3347 1986 3412 patien-

162 3427 277 3475 dum
303 3427 380 3475 vel
409 3425 787 3490 dependendum
813 3430 874 3477 sit
901 3430 1234 3478 condemnato.
