2161 3673
838 227 980 259 LEGIS
1005 225 1176 260 LATIO.
1857 208 1918 253 41

952 352 1065 400 151.

236 437 615 488 Thesmothetae
642 437 777 500 leges
806 436 1069 500 quotannis
1095 436 1145 484 in
1167 435 1350 501 populo
1376 435 1651 497 corrigant,
1680 449 1833 498 quum
1855 433 1924 481 di-

94 525 307 587 ligenter
330 519 696 586 inquisiverint,
740 527 789 568 et
815 518 1150 580 considerent,
1190 526 1353 568 utrum
1389 518 1470 567 lex
1512 517 1653 567 alteri
1684 516 1784 580 legi
1811 532 1924 567 con-

94 606 242 655 traria
265 604 509 664 obtineat,
552 608 635 652 aut
671 601 809 651 irrita
845 601 973 650 inter
1012 609 1170 663 ratas,
1212 608 1297 651 aut
1336 600 1491 650 sicubi
1517 598 1630 666 plus
1656 615 1804 665 quam
1828 615 1927 647 una

94 687 156 736 sit
182 687 241 736 de
267 686 486 752 qualibet
511 703 563 735 re
587 685 886 751 perscripta:
926 684 1100 750 quodsi
1141 684 1256 750 quid
1282 682 1559 750 hujusmodi
1585 681 1925 748 deprehende-

94 771 214 831 rint,
255 787 336 818 eas
361 770 412 818 in
437 768 616 818 tabulis
654 768 922 834 descriptas
962 787 1052 834 pro
1094 767 1264 818 decem
1301 767 1507 817 heroum
1545 766 1716 815 statuis
1743 781 1925 832 propo-

92 860 236 913 nant,
276 860 511 918 prytanes
549 868 667 901 vero
706 851 994 901 concionem
1031 850 1273 911 habeant,
1313 849 1666 916 programmati
1700 865 1789 898 suo
1815 848 1926 897 titu-

92 935 196 984 lum
220 935 518 984 nomothetis
544 934 893 995 inscribentes,
934 941 1039 983 tum
1071 933 1355 999 praesidum
1380 932 1659 998 praefectus
1684 930 1927 998 populum

92 1019 141 1065 in
166 1018 402 1082 suffragia
426 1018 612 1080 mittat,
654 1026 702 1067 et
738 1018 874 1082 leges
914 1018 1039 1068 aliae
1076 1018 1403 1081 abrogentur,
1449 1016 1571 1066 aliae
1609 1016 1926 1077 retineantur,

94 1107 147 1150 ut
171 1118 272 1151 una
297 1102 360 1151 sit
383 1102 491 1163 lex,
519 1119 618 1151 non
644 1101 838 1168 plures,
866 1102 926 1151 de
953 1115 1246 1166 unaquaque
1273 1116 1339 1148 re.

958 1206 1070 1254 152.

240 1286 346 1337 Τὸν
370 1292 491 1337 νέον
515 1286 681 1352 νόμον
706 1286 823 1336 εἴσω
849 1285 1128 1353 τριάκοντα
1167 1282 1380 1351 ἦμερῶνν
1405 1285 1735 1351 ἀκυροῦσθαι
1752 1323 1765 1344 ,
1805 1290 1852 1335 εἰ
1877 1286 1925 1336 δὲ

91 1370 161 1436 ,uri
179 1410 193 1429 ,
219 1372 434 1436 βέβαιον
459 1368 604 1421 εἶναι.
1147 1372 1423 1432 (Problem.
1451 1371 1631 1422 rhetor.
1661 1371 1783 1432 43.)

958 1445 1070 1495 152.

235 1527 380 1576 Nova
403 1528 483 1577 lex
508 1528 638 1577 intra
663 1528 866 1592 triginta
892 1528 1082 1578 dierum
1107 1527 1322 1594 spatium
1353 1545 1444 1594 pro
1470 1527 1607 1577 irrita
1632 1526 1923 1588 declaretur,

95 1627 233 1661 secus
259 1618 366 1660 rata
389 1609 612 1661 habetur.
958 1682 983 1730 1
1028 1683 1058 1731 3

995 1692 1022 1737 5
1064 1719 1074 1731 .

240 1761 347 1813 Τὸν
385 1761 715 1832 ἀντιλέγοντα
752 1763 922 1830 νόμῳ,
962 1764 1079 1813 εἴσω
1118 1763 1220 1813 τῶν
1257 1762 1536 1828 τριάκοντα
1574 1758 1774 1828 ἧμερῶν
1813 1761 1930 1813 δέον

95 1844 376 1916 ἀντιλέγειν
402 1851 521 1914 πρὶν
547 1846 640 1897 τοῦ
669 1846 1001 1913 κυρωθῆναι,
1024 1844 1154 1911 μετὰ
1180 1847 1342 1897 ταῦτα
1370 1846 1420 1897 δὲ
1444 1844 1516 1912 μὴ
1544 1850 1733 1906 ἐξέστω.

958 1933 1290 1997 (Hermogen.
1316 1940 1425 1983 stat.
1455 1933 1535 1982 34.
1563 1948 1672 1998 cap.
1700 1932 1789 1992 8.).

957 2027 1072 2077 153.

237 2111 333 2173 Qui
358 2112 640 2177 propositae
665 2110 764 2178 legi
790 2111 1099 2173 contradicit,
1127 2112 1257 2162 intra
1281 2112 1484 2177 triginta
1510 2111 1614 2161 dies
1640 2111 1789 2162 debet
1813 2128 1927 2162 con-

97 2194 334 2245 tradicere
360 2195 645 2261 priusquam
669 2202 776 2245 rata
800 2195 1067 2257 habeatur,
1106 2203 1221 2262 post
1246 2196 1367 2246 haec
1394 2203 1558 2246 autem
1585 2213 1686 2245 non
1712 2195 1868 2245 liceat.

956 2292 1071 2342 154.

239 2369 356 2422 Οὐκ
382 2373 485 2422 ἔστι
506 2371 635 2437 μετὰ
662 2372 757 2433 τήν
782 2369 1088 2438 ὑπωμοσίαν
1124 2371 1186 2422 τὸ
1226 2375 1450 2442 γραφὲν,
1491 2376 1609 2438 πρὶν
1646 2372 1925 2439 κριθῆναι,

97 2458 295 2521 κύριον.
958 2533 1057 2580 154
1270 2459 1474 2521 (Pollux
1502 2459 1638 2520 VIII,
1668 2460 1788 2520 56.)

237 2614 596 2678 Suggillatione
636 2615 765 2664 facta
803 2615 881 2664 lex
922 2623 1097 2679 rogata
1134 2616 1271 2668 irrita
1309 2623 1413 2675 est,
1467 2615 1623 2664 donec
1662 2622 1769 2665 rata
1800 2614 1928 2681 judi-

96 2706 203 2748 cata
229 2698 390 2748 fuerit.

957 2771 980 2818 1
993 2773 1068 2818 55

244 2849 348 2899 Τὸν
386 2850 656 2919 γράψαντα
699 2852 862 2915 νόμον
905 2849 931 2910 ἢ
973 2849 1210 2917 ψήφισμα
1251 2851 1378 2914 μετα
1419 2848 1656 2900 ἐνιαυτον
1687 2849 1757 2915 μή
1802 2849 1926 2900 εἶναι

100 2956 125 2982 ι
112 2931 427 2984 (ν’πεύθυνον
455 2931 589 2999 ὅμως
615 2954 705 2983 και
733 2931 869 2984 οὕοτω
896 2934 1029 2983 κατὰ
1057 2955 1158 2984 των
1186 2932 1530 2998 νόμωνέξεστι
1558 2939 1811 2984 ποιεῖσθαι
1842 2954 1930 2990 τας

96 3019 401 3085 κατηγορίας
419 3055 429 3075 ,
459 3014 564 3066 κᾶι
592 3038 639 3065 οι
665 3016 951 3085 γράψαντες
979 3019 1071 3078 ἔξω
1098 3015 1361 3065 κινδύνων
1391 3034 1494 3070 ωσι

609 3103 885 3169 (Anonymi
913 3120 1012 3168 arg.
1041 3103 1091 3151 in
1118 3102 1373 3152 Demosth.
1401 3102 1598 3169 Leptin.
1627 3105 1787 3164 453.)-

958 3198 1070 3245 155.

238 3281 424 3331 Auctor
437 3282 561 3345 legis
578 3281 657 3330 vel
672 3281 855 3330 decreti
869 3288 983 3347 post
996 3297 1182 3329 annum
1197 3288 1300 3329 esto
1315 3281 1557 3331 indemnis
1573 3298 1583 3344 3
1610 3281 1928 3331 nihilominus

100 3371 147 3413 et
172 3365 239 3413 sic
262 3363 396 3430 leges
423 3365 568 3416 liceat
593 3382 847 3425 accusare,
888 3364 1078 3414 tametsi
1118 3371 1338 3415 auctores
1377 3364 1499 3430 legis
1531 3366 1787 3415 indemnes
1817 3364 1926 3414 sint.
