2161 3673
225 273 323 321 108
938 282 1017 312 JUS
1042 280 1322 313 PUBLICUM.

1075 405 1190 454 441.

360 509 608 557 Libertate
637 504 804 554 donati
832 509 878 550 et
903 500 983 551 alii
1010 500 1208 550 barbari
1241 519 1432 552 ramum
1457 504 1742 568 quercinum
1768 501 1930 551 ferant
1955 517 2044 566 per

219 593 378 641 forum
404 593 527 641 festo
553 588 913 638 Panathenan.

1065 668 1181 717 442.

364 763 717 827 Θαλλοφόρους
755 761 813 826 τῇ
847 759 1055 826 Ἀθηνᾷ
1092 759 1210 817 τούς
1244 760 1439 818 καλούς
1466 767 1702 830 γέροντας
1729 765 2042 829 ἐκλέγεσθαι.

1065 848 1388 913 (Xenophon.
1417 847 1645 915 Sympos.
1673 849 1760 910 IV,
1792 848 1898 908 17.)

1067 955 1184 1002 442.

353 1051 410 1098 In
433 1050 684 1098 Minervae
713 1048 1070 1115 Thallophoros
1097 1048 1377 1112 deligantur
1403 1049 1601 1098 formosi
1629 1066 1784 1099 senes.

1065 1154 1182 1204 443.

357 1250 539 1304 Θυσίας
571 1246 871 1307 Ἀθηναίων
910 1245 1212 1315 ἀναγόντων
1254 1251 1344 1296 καὶ
1385 1247 1693 1316 πανηγύριας
1731 1246 1818 1305 τὰς
1852 1253 1908 1298 ἐν
1932 1247 2043 1312 τῇσι

214 1334 514 1396 πεντετηρίσι
542 1336 837 1399 γινομένας,
878 1330 1177 1393 κατεύχεται
1205 1327 1232 1380 ὁ
1263 1332 1422 1397 κη’ρυξ
1451 1328 1482 1383 c‘:
1512 1330 1793 1392 Ἀθηναῖος
1830 1328 1967 1398 »ἅμα
1991 1353 2043 1381 τε

206 1412 531 1474 Ἀθηναίοισι
561 1418 795 1482 γίνεσθαι
823 1413 883 1463 τά
913 1413 1091 1483 ἀγαθοὶ
1128 1418 1220 1464 καὶ
1248 1415 1613 1467 Πλαταιεῦσι.“

1071 1573 1172 1620 443
1350 1501 1610 1562 (Herodot.
1639 1502 1724 1563 VI,
1758 1501 1899 1561 111.)

354 1666 563 1726 Quando
606 1665 829 1715 solennia
867 1682 1006 1715 sacra
1043 1674 1291 1732 peragunt
1317 1666 1676 1729 Athenienses,
1717 1684 1842 1733 quae
1869 1669 2039 1734 quinto

212 1766 402 1815 quoque
441 1766 570 1797 anno
609 1750 946 1812 celebrantur,
994 1768 1173 1816 praeco
1224 1751 1386 1800 fausta
1423 1753 1588 1801 omnia
1624 1758 1854 1818 precatur
1891 1750 2039 1803 Athe-

211 1834 461 1883 niensibus
488 1832 630 1881 simul
659 1840 707 1881 et
732 1833 1120 1883 Plataeensibus.

357 2037 471 2090 Τοῖς
511 2036 906 2091 Παναθηναίοις
942 2032 1075 2082 κατὰ
1115 2037 1258 2083 πέντε
1305 2036 1386 2095 ἔτη
1432 2037 1622 2095 ἔξεστιν
1661 2033 1906 2098 ἀφεῖσθαι
1945 2035 2038 2085 τοῦ

213 2113 397 2180 δεσμοῦ
425 2115 544 2174 τούς
572 2116 821 2182 δεσμώτας
850 2115 931 2165 διὰ
959 2116 1050 2177 τὴν
1076 2117 1370 2186 πανήγυριν.

866 2203 1051 2263 (Schol.
1080 2205 1131 2252 in
1156 2205 1408 2254 Demosth.
1437 2205 1648 2254 Timocr.
1678 2205 1795 2265 ’7407
1826 2205 1896 2265 1.)

1065 2311 1180 2358 444.

353 2402 532 2462 Quinto
573 2420 762 2468 quoque
802 2421 930 2452 anno
976 2404 1100 2453 festo
1147 2404 1603 2455 Panathenaeorum
1645 2406 1791 2456 liceat
1829 2405 2034 2455 vinculis

213 2485 402 2535 solvere
429 2487 651 2551 captivos
675 2486 872 2535 videndi
901 2488 1166 2552 spectaculi
1193 2488 1364 2550 gratia.

1063 2595 1177 2643 445.

346 2683 485 2735 Ἀλλ’
514 2689 556 2734 οἱ
588 2685 831 2751 &waima
874 2691 1178 2752 παρέχουσιν
1215 2685 1457 2755 ἐγγυητάς
1497 2686 1616 2753 πρὸς
1650 2687 1706 2737 τὸ
1728 2688 1806 2753 μή
1839 2697 2035 2757 φυγεῖν.

221 2772 313 2815 Καὶ
337 2769 461 2829 ,ιιὲτα
492 2769 575 2828 τας
603 2766 780 2837 ἡμέρας
806 2771 888 2830 τῆς
917 2770 1085 2835 ἑορτῆς
1113 2768 1265 2819 πάλιν
1290 2771 1631 2835 ἐμβάλλονται
1660 2776 1729 2829 εἰς
1754 2771 1812 2821 τό
1845 2772 2033 2837 δεσμω-

215 2850 394 2914 τήριον.
832 2857 1018 2918 (Schol.
1046 2857 1096 2905 in
1122 2857 1376 2906 Demosth.
1405 2855 1608 2908 Androt.
1639 2859 1754 2921 614,
1783 2860 1891 2919 23.)

1063 2962 1178 3011 445.

356 3055 550 3120 Captivi
578 3066 738 3108 tamen
767 3060 1074 3125 fidejussores
1102 3059 1246 3119 dant,
1286 3059 1414 3124 quod
1454 3078 1554 3109 non
1579 3061 1675 3110 sint
1701 3062 1818 3126 fuga
1843 3079 1894 3112 se
1919 3063 2030 3112 sub-

215 3139 441 3199 tracturi;
480 3147 527 3187 et
555 3142 731 3206 clapsis
759 3144 929 3193 dicbus
956 3144 1066 3192 festi
1092 3144 1267 3191 iterum
1294 3143 1671 3194 incarcerantur.

361 3337 462 3396 Την
490 3338 694 3400 πομπήν
722 3343 820 3393 τῶν
853 3347 1240 3402 Παναθηναίων
1272 3344 1558 3405 κοσμοῦσιν
1584 3346 1630 3391 οὶ
1659 3344 1920 3408 δηιιιαρχοι.

1029 3429 1215 3490 (Schol.
1242 3430 1292 3478 in
1318 3428 1594 3496 Aristopan.
1622 3431 1750 3479 Nub.
1779 3431 1886 3490 37.)
