2161 3673
502 205 629 235 LlTis
656 205 742 234 vm
776 205 821 234 m
854 203 1023 233 CAUSIS
1051 207 1398 239 CtxprrALlssUs.
1760 193 1856 240 211

23 347 147 391 μος,
185 325 281 376 τὸν
309 322 529 386 ἁλόντα,
570 331 691 391 πέρα
732 327 776 375 δ’
805 326 959 377 οὐδὲν
997 328 1210 378 τούτου·
1252 335 1342 379 καὶ
1382 331 1452 395 τῷ
1486 332 1586 395 μὲν
1619 330 1860 381 διώκοντι

27 405 243 475 ὑπάρχει
283 410 469 459 ταῦτα·
521 410 591 474 τῷ
633 409 680 459 δὲ
722 410 963 478 φεύγοντι
1004 411 1064 460 τα
1100 417 1197 476 μὲν
1235 415 1320 473 τῆς
1360 414 1630 479 διωμοσίας
1669 413 1861 473 ταῦτα,

28 491 120 542 τὸν
153 494 394 558 πρότερον
434 493 481 541 δὲ
524 495 713 552 ἔξεστιν
751 493 958 543 εἰπόντα
999 495 1155 564 λόγον
1187 497 1520 562 μεταστῆναι·
1559 501 1650 545 καὶ
1679 494 1802 547 οὔθ’
1831 493 1858 547 ὁ

30 575 232 625 διώκων
258 573 382 626 οὗθ’
412 580 458 626 οἱ
488 575 781 637 δικάζοντες
822 574 931 627 οὔτ’
973 575 1124 637 ἄλλος
1164 579 1454 645 ἀνθρώπων
1494 578 1660 638 οὐδεὶς
1685 581 1864 646 κύριος

30 659 270 710 κωλῦσαι,
708 665 991 723 (Demosth.
1020 683 1056 714 c.
1088 665 1368 715 Aristocrat.
1399 667 1720 727 642—‹6430

889 758 1007 807 837.

169 830 228 878 In
255 827 545 894 Areopago,
587 829 671 877 ubi
708 829 788 877 lex
828 829 886 878 de
926 830 1075 879 caede
1117 831 1198 896 agi
1237 832 1461 881 concedit
1487 841 1535 882 et
1553 833 1723 899 jubet,
1766 836 1861 900 pri-

27 931 160 961 mum
185 913 235 960 in
262 912 463 961 exitium
504 913 578 960 sui
616 912 765 978 ipsius
807 921 854 961 et
893 915 1055 978 gentis
1097 921 1145 962 et
1183 915 1397 964 familiae
1435 934 1551 965 suae
1583 918 1770 982 jurabit
1794 919 1861 975 is,

29 996 110 1061 qui
137 996 351 1060 aliquem
377 996 488 1044 talis
515 996 746 1044 facinoris
775 997 1085 1059 criminatur;
1114 997 1291 1047 deinde
1319 1017 1418 1047 non
1444 1001 1648 1065 vulgare
1664 1000 1863 1064 aliquod

28 1080 120 1128 hoc
138 1078 487 1144 jusjurandum
516 1079 677 1140 dabit,
717 1079 801 1127 sed
829 1079 969 1144 quale
997 1097 1142 1128 nemo
1171 1081 1220 1129 in
1247 1083 1348 1130 ulla
1375 1100 1426 1130 re
1455 1083 1552 1131 alia
1582 1085 1742 1148 jurat,
1792 1084 1862 1132 in-

29 1164 203 1211 sistens
230 1162 529 1211 consecratis
557 1161 787 1209 carnibus
815 1163 923 1227 apri
951 1171 1000 1210 et
1025 1163 1191 1211 arietis
1220 1172 1267 1211 et
1307 1165 1458 1225 tauri,
1499 1166 1654 1229 iisque
1682 1174 1861 1214 macta-

28 1245 89 1293 tis
116 1253 220 1293 tum
247 1263 275 1293 a
301 1246 474 1310 quibus
503 1252 698 1309 oportet
724 1256 826 1293 tum
858 1245 952 1293 illis
992 1246 1192 1308 diebus,
1233 1248 1411 1312 quibus
1439 1250 1695 1310 convenit,
1738 1259 1790 1297 ut
1817 1258 1864 1298 et

29 1346 57 1376 a
82 1336 300 1394 tempore
330 1335 377 1377 et
404 1328 465 1376 ab
493 1328 773 1377 hominibus
806 1330 1131 1378 tractantibus
1173 1348 1315 1378 omne
1336 1332 1418 1396 jus
1447 1332 1618 1396 fasque
1647 1340 1862 1398 praeste-

28 1420 119 1461 tur.
173 1412 302 1460 Tum
330 1429 622 1477 quamquam
652 1429 701 1460 se
743 1413 827 1459 tali
862 1413 1185 1478 jurejurando
1228 1414 1494 1478 obligavit,
1535 1415 1754 1463 nondum
1791 1424 1861 1464 ta-

28 1513 142 1544 men
168 1495 376 1544 habetur
402 1495 472 1543 illi
499 1495 646 1556 fides,
689 1495 772 1543 sed
801 1497 838 1543 si
874 1496 1120 1545 mendacii
1159 1498 1411 1546 convictus
1452 1499 1624 1557 fuerit,
1665 1499 1864 1564 perjurii

30 1579 230 1628 exitium
256 1578 535 1627 mercedem
561 1579 820 1639 auferens,
861 1580 958 1627 suis
997 1580 1162 1628 liberis
1208 1588 1256 1628 et
1286 1582 1424 1645 genti
1450 1582 1572 1630 nihil
1599 1582 1864 1647 quidquam

28 1662 306 1711 lucrabitur.
358 1661 445 1711 Sin
475 1664 588 1728 jure
629 1680 881 1712 accusasse
921 1665 1145 1713 videatur
1180 1674 1226 1713 01
1254 1683 1391 1713 reum
1419 1666 1583 1714 caedis
1609 1675 1863 1732 perpetra-

28 1756 104 1796 tae
133 1747 425 1808 convicerit,
467 1764 559 1795 nec
587 1747 654 1795 sic
681 1748 878 1811 quidem
918 1747 1199 1796 damnatum
1227 1749 1276 1796 in
1304 1767 1390 1798 sua
1418 1757 1660 1813 potestate
1688 1751 1864 1809 habet,

28 1831 112 1879 sed
149 1831 404 1894 infligendi
442 1831 669 1896 supplicii
708 1833 971 1880 auctoritas
1010 1850 1163 1897 penes
1202 1833 1338 1897 leges
1379 1841 1452 1882 est
1491 1841 1536 1881 et
1576 1851 1658 1882 eos
1685 1835 1862 1899 quibus

29 1916 122 1964 hoc
162 1924 235 1963 est
272 1915 583 1974 mandatum,
635 1915 867 1964 interesse
907 1923 1071 1964 autem
1117 1916 1397 1981 spectaculo
1439 1918 1691 1982 supplicii,
1733 1918 1862 1982 quod

29 2000 314 2048 damnatum
340 2016 364 2047 e
392 2000 501 2062 lege
529 1999 774 2063 sequitur,
804 1999 916 2047 licet
941 1999 1034 2060 illi,
1063 2018 1154 2048 nec
1181 2009 1376 2066 praeter
1402 2001 1450 2048 id
1478 2003 1737 2066 quicquam
1764 2019 1862 2049 am-

29 2084 170 2148 plius.
222 2083 286 2130 Et
310 2082 432 2130 haec
461 2090 599 2143 sunt,
641 2099 764 2146 quae
792 2083 852 2131 ad
886 2090 1219 2131 accusatorem
1247 2085 1522 2148 pertinent,
1560 2102 1672 2134 reus
1700 2093 1862 2134 autem

22 2165 367 2231 jusjurandum
393 2164 567 2213 eodem
593 2166 739 2214 modo
768 2173 1009 2231 praestat,
1051 2167 1163 2214 11001
1197 2174 1359 2215 autem
1386 2168 1429 2214 ei
1456 2169 1674 2216 oratione
1703 2169 1860 2234 primo

28 2250 137 2298 loco
165 2250 294 2298 dicta
319 2248 477 2297 solum
503 2257 720 2310 vertere,
759 2250 808 2297 id
837 2251 967 2313 quod
995 2268 1152 2315 neque
1182 2258 1435 2299 accusator
1475 2269 1633 2316 neque
1668 2253 1858 2316 judices

31 2351 190 2397 neque
218 2333 337 2381 alius
365 2333 617 2381 hominum
645 2333 902 2398 quisquam
928 2335 1190 2398 prohibere
1214 2342 1389 2399 potest.

171 2520 320 2571 Mad
350 2520 441 2570 τὸν
468 2520 711 2585 πρότερον
739 2521 899 2588 λόγον
927 2524 1080 2580 ἔξεστι
1111 2529 1319 2589 φυγεῖν,
1360 2519 1490 2580 πλὴν
1516 2522 1565 2569 εἴ
1586 2542 1658 2579 τις
1684 2527 1860 2590 γονέας

32 2607 104 2665 εἴη
132 2604 437 2660 ἀπεκτονώς.
1181 2608 1384 2666 (Pollux
1411 2607 1545 2667 VIII,
1580 2607 1718 2667 117.)

172 2764 290 2810 Post
316 2762 526 2827 primam
565 2763 833 2810 orationem
872 2763 1015 2810 liceat
1054 2780 1138 2810 reo
1173 2761 1328 2810 solum
1367 2768 1584 2822 vertere,
1623 2763 1714 2811 nisi
1754 2765 1859 2828 quis

33 2847 347 2911 parricidium
374 2845 708 2919 co-mmisisset.

174 3002 414 3057 Πωληταί
456 2995 790 3061 πιπράσκουσι
830 2997 916 3054 τας
955 3000 1057 3046 τῶν
1095 3004 1143 3056 ἐξ
1178 2996 1384 3059 Ἀρείου
1423 2996 1738 3066 πάγουμετά
1767 2999 1859 3048 τὸν

7 3075 10 3077 Δ
34 3081 278 3146 πρότερον
304 3081 461 3149 λόγον
488 3080 760 3148 φυγόντων
788 3080 978 3137 οὐσίας.
1209 3083 1413 3142 (Pollux
1441 3084 1576 3146 VIII,
1608 3087 1716 3145 99.)

175 3262 469 3312 Venditores
496 3261 719 3311 vendunt
758 3280 925 3311 eorum
963 3261 1261 3309 substantias
1284 3300 1290 3322 ,
1332 3264 1411 3326 qui
1437 3271 1549 3327 post
1575 3264 1783 3329 primam
1809 3263 1858 3309 in

38 3345 299 3411 Areopago
325 3347 607 3411 apologiam
633 3345 799 3395 exules
827 3353 949 3394 sunt.

1496 3427 1578 3468 14⁴*
