2114 3642
132 242 235 289 420
751 250 1158 283 COMMENTARIUS
1187 249 1255 281 AD
1283 244 1341 281 21.

134 383 375 448 equestris
425 385 775 438 trecentorum,
829 376 1002 425 tertius
1053 383 1100 424 et
1151 376 1346 424 infimus
1391 373 1738 437 Zeugitarum,
1790 371 1967 422 ducen-

132 475 305 516 torum.

273 547 457 597 Eadem
484 545 598 594 dicit
624 543 801 593 Suidas
828 562 863 592 s.
894 562 939 591 v.
973 536 1180 599 Ἴππάς,
1212 536 1430 598 ‘lma-Q,
1470 543 1532 588 ἐκ
1557 535 1863 603 τιμημάτων.

270 633 392 680 Item
420 629 694 678 Scholiasta
719 627 769 674 in
798 627 1024 693 Thucyd.
1054 627 1142 686 III,
1175 627 1252 674 16.

271 737 372 785 Sub
411 735 604 783 Theseo
644 734 740 783 alia
779 734 869 782 fuit
907 733 1090 781 civium
1129 733 1332 794 divisi03
1371 739 1492 781 teste
1534 731 1666 779 enim
1705 730 1972 779 Plutarcho

132 820 465 881 (Theseus,
506 819 615 877 25.)
656 818 841 883 primus
882 816 1115 865 discrevit
1155 833 1371 865 seorsum
1409 815 1641 881 patricios
1683 809 1972 875 (Εὐπατρί-

131 904 270 963 δας),
315 901 559 966 agricolas
599 904 661 961 (1
674 897 960 963 ἐ’ωμόρους)
1001 909 1047 949 et
1085 900 1285 966 opifices
1326 894 1759 964 (Δημιουργούς).
1808 898 1971 962 Atque

129 1003 278 1050 quum
306 984 522 1050 patriciis
545 987 624 1046 jus
656 985 979 1033 concessisset
1005 1001 1081 1032 res
1109 983 1300 1031 divinas
1327 982 1685 1046 cognoscendi,
1713 982 1970 1044 magistra-

128 1077 202 1116 tus
233 1086 257 1117 e
286 1086 373 1116 suo
402 1068 571 1116 ordine
600 1068 827 1125 creandi,
868 1075 914 1115 et
941 1074 994 1115 ut
1026 1067 1161 1131 leges
1202 1066 1457 1126 docerent,
1497 1083 1638 1115 sacra
1665 1073 1712 1114 et
1738 1065 1970 1114 caerimo-

130 1152 235 1199 nias
262 1151 460 1215 reliquis
488 1151 676 1199 civibus
704 1151 1159 1216 interpretarentur,
1194 1150 1330 1215 quasi
1358 1149 1419 1197 ad
1445 1149 1847 1214 aequabilitatem
1875 1149 1972 1209 (εἰς

133 1234 272 1295 ἴσον)
313 1235 566 1283 constituit
606 1235 988 1300 rempublicam,
1041 1235 1172 1300 quod
1213 1233 1453 1297 dignitate
1494 1233 1712 1299 patricii,
1765 1231 1971 1281 utilitate

125 1318 394 1383 agricolae,
424 1318 635 1368 artifices
663 1335 864 1368 numero
893 1318 1180 1367 viderentur
1206 1317 1521 1383 praecellere.

271 1426 470 1475 Bekker
510 1425 691 1476 Anecd.
728 1443 800 1489 gr.
829 1445 874 1491 p.
905 1427 1033 1474 257:
1076 1420 1390 1487 Εὕπατρίδαι
1432 1420 1716 1471 καλοῦνται
1757 1423 1803 1469 οἱ
1844 1417 1971 1470 αὐτὸ

127 1505 183 1555 τὸ
215 1503 344 1555 ἄστυ
373 1507 641 1562 οἰκοῦντες
668 1510 757 1554 καὶ
780 1513 1077 1571 μετέχοντες
1115 1506 1390 1570 βασιλικοῦ
1431 1509 1609 1574 γένους
1635 1509 1726 1553 καί
1753 1503 1846 1564 τὴν
1872 1504 1972 1554 τῶν

124 1590 270 1656 ἱερῶν
296 1594 581 1655 ἐπιμέλειαν
623 1588 949 1653 ποιούμενοι·
989 1609 1195 1657 γεωργ
1219 1593 1279 1637 οἱ
1321 1588 1369 1637 δὲ
1411 1591 1456 1637 οἱ
1497 1589 1580 1648 τῆς
1617 1585 1768 1648 ἄλλης
1803 1586 1970 1652 χώρας

126 1672 409 1737 οἰκήτορες·
449 1672 737 1741 &ruys-(blla
757 1693 825 1736 ορ
845 1693 901 1720 οι
933 1672 981 1720 δὲ
1010 1670 1068 1720 τι)
1096 1671 1342 1735 τεχνικὸν
1373 1674 1542 1729 ἔθνος.

265 1759 595 1825 (Eupatridac
636 1765 877 1807 vocant-ur
917 1758 999 1823 qui
1038 1760 1197 1824 ipsam
1240 1760 1411 1808 urbem
1451 1759 1702 1820 incolunt,
1740 1758 1855 1821 regii
1884 1774 1969 1806 seu

124 1843 299 1892 nobilis
339 1845 532 1906 generis
573 1851 686 1892 sunt
724 1843 992 1908 participes
1031 1852 1079 1892 et
1113 1861 1363 1893 sacrorum
1392 1860 1554 1891 curam
1582 1850 1773 1908 gerunt.
1826 1841 1967 1905 Agri-

124 1927 260 1975 colae
303 1944 420 1976 vero
460 1927 674 1991 reliquae
717 1926 931 1992 regionis
971 1926 1177 1976 incolae.
1235 1927 1551 1992 Epigeomori
1592 1927 1804 1991 denique
1846 1942 1968 1990 gens

123 2010 397 2075 opificum.)

264 2115 439 2164 Pollux
481 2115 624 2177 VIII,
670 2116 796 2164 111:
863 2116 989 2179 Τρία
1029 2109 1090 2172 ἦν
1126 2112 1188 2161 τά
1229 2116 1356 2173 ἔθνη
1396 2113 1577 2173 πάλαι,
1633 2111 1963 2181 εὐπατρίδαι,

122 2196 364 2266 γειιῃιόροι,
385 2235 395 2254 ,
438 2196 751 2265 διμιιοιιργοί.
807 2200 959 2260 (Tres
988 2207 1127 2248 erant
1152 2208 1328 2264 gentes
1355 2202 1496 2250 olim:
1538 2201 1839 2267 Eupatridae
1880 2217 1965 2249 seu

122 2284 339 2349 patricii,
381 2282 611 2332 Geomori
652 2300 737 2331 seu
773 2283 1044 2346 agricolae,
1084 2285 1342 2349 Demiurgi
1368 2302 1452 2332 seu
1481 2285 1725 2351 opifices.)

265 2390 525 2456 Lyeurgus
554 2408 730 2455 agrum
758 2391 1206 2440 Lacedaemonium
1246 2392 1303 2440 iis
1343 2392 1424 2455 qui
1465 2391 1648 2439 circum
1682 2391 1853 2440 urbem
1881 2392 1963 2440 ha-

123 2473 372 2534 bitabant,
420 2490 509 2539 per
550 2474 712 2523 tricies
751 2473 884 2522 mille
930 2481 1086 2523 sortes
1126 2474 1317 2535 divisit,
1371 2492 1545 2539 agrum
1583 2491 1728 2537 vero,
1782 2475 1863 2539 qui
1903 2474 1965 2523 ad

124 2558 278 2621 ipsam
308 2557 481 2604 urbem
509 2556 738 2623 Spartam
765 2557 1070 2622 pertinebat,
1112 2574 1200 2623 per
1240 2557 1440 2605 sortium
1467 2557 1620 2606 millia
1646 2575 1854 2607 novem:
1895 2565 1966 2606 tot

126 2640 252 2687 enim
292 2641 489 2689 fuerunt
527 2649 683 2689 sortes
725 2641 1098 2707 Spartanorum.
1151 2641 1369 2690 Tantum
1409 2659 1527 2690 vero
1568 2642 1672 2705 agri
1700 2641 1963 2704 unicuique

125 2732 252 2771 sorte
279 2724 479 2787 obtigit,
523 2732 575 2772 ut
615 2724 689 2771 vir
728 2725 777 2772 in
814 2724 1050 2773 reditibus
1090 2724 1293 2772 haberet
1331 2725 1648 2790 septuaginta
1690 2724 1962 2774 medimnos

126 2804 317 2864 hordei,
359 2804 532 2855 mulier
569 2806 856 2867 duodecim,
899 2806 1036 2870 eique
1077 2807 1253 2854 rationi
1297 2813 1343 2855 et
1381 2807 1676 2871 liquidorum
1714 2806 1964 2855 fructuum

126 2895 392 2952 proventus
419 2889 752 2954 responderet.
805 2890 1065 2938 Traditum
1093 2897 1190 2951 est,
1228 2908 1339 2939 eum
1366 2898 1540 2956 postca
1566 2891 1796 2955 temporis
1823 2907 1960 2956 pere-

125 2987 210 3033 gre
239 2971 549 3033 redeuntem,
580 2990 689 3021 cum
716 2990 805 3038 per
831 2992 977 3038 agros
1003 2990 1175 3022 recens
1203 2973 1450 3022 demessos
1477 2975 1566 3023 iter
1592 2974 1796 3033 faceret,
1826 2990 1961 3021 acer-

129 3071 215 3100 vos
256 3052 453 3117 paribus
493 3056 762 3106 intervallis
803 3058 1065 3122 dispositos
1094 3065 1141 3105 et
1168 3058 1396 3121 aequales
1437 3058 1777 3122 conspicatum
1804 3057 1960 3105 subri-

127 3136 274 3195 sisse,
316 3144 462 3198 atque
503 3138 679 3188 dixisse
720 3148 875 3189 totum
902 3159 1072 3204 agrum
1102 3140 1549 3189 Lacedaemonium
1577 3140 1730 3187 videri
1758 3140 1984 3188 fratrum'

128 3236 233 3267 esse
260 3218 546 3279 multorum,
594 3223 673 3284 qui
710 3241 819 3272 cum
847 3242 1006 3288 nuper
1033 3224 1159 3270 iuter
1185 3240 1235 3271 se
1265 3223 1532 3271 diviserint.
1586 3226 1608 3279 (⁷
1631 3223 1741 3270 Plu
1760 3231 1777 3271 t
1795 3241 1860 3270 ar
1875 3223 1958 3270 eh.

130 3302 396 3367 Lyeurg.
441 3304 513 3359 8.)
