2114 3642
809 220 873 248 DE
906 220 1083 251 POENA.
1761 196 1861 241 255

36 351 102 417 pli
128 350 316 414 gratia,
348 349 461 413 jure
500 347 550 419 in
589 345 827 394 concione
868 346 1021 393 verba
1060 345 1268 394 faciendi
1297 350 1379 392 aut
1407 340 1650 390 senatorio
1676 336 1863 385 honore

35 432 270 497 fungendi
299 439 478 480 carent.
533 429 652 479 Aliis
681 446 777 476 non
818 429 932 477 licet
973 446 1267 493 quemquam
1306 423 1573 490 majestatis
1612 436 1865 479 accusare3

35 515 139 565 aliis
178 533 278 563 non
320 515 434 563 licet
472 514 595 562 alios
636 512 910 560 actionibus
950 511 1262 560 indicationis
1290 507 1544 575 persequi3
1583 505 1689 554 aliis
1716 505 1864 552 inter-

36 598 218 648 dictum
245 605 317 647 est
343 598 393 645 in
420 597 799 661 Hellespontum
826 595 1089 659 navigare,
1133 594 1239 643 aliis
1278 593 1326 642 in
1354 591 1582 652 Joniam3
1621 588 1725 637 aliis
1765 585 1864 636 adi-

37 689 114 731 tus
140 681 230 730 fori
258 681 450 729 clausus
477 686 564 728 est.

180 819 314 877 Τούς
341 819 552 884 ἀτίμους
578 749 1029 883 ἐπιλαιιβάνέἒθῖῗί
1054 818 1136 876 τῆς
1157 815 1328 882 χειρὸς
1356 819 1443 863 καὶ
1473 813 1671 881 ἐξάγειν
1698 816 1758 860 ἐκ
1784 810 1867 869 τῆς

39 909 264 971 θυμέλης.
753 902 941 965 (schol.
969 905 1018 952 in
1044 904 1296 954 Demosth.
1326 902 1442 952 Mid.
1472 900 1587 961 533,
1617 900 1725 958 29.)

883 1012 1031 1060 1013.

178 1099 501 1165 Ignominiosi
528 1116 676 1147 manu
702 1097 933 1164 prehensi
962 1096 1233 1146 educantur
1258 1113 1283 1144 e
1310 1110 1471 1143 scena.

877 1204 1027 1252 1014.

171 1275 399 1340 Ἀτίμων
426 1273 535 1323 ὅσοι
564 1271 735 1338 ἄτιμοι
777 1270 901 1333 ἦσαν
941 1277 1058 1337 πρὶν
1100 1270 1127 1331 ἢ
1153 1275 1370 1320 Σολωνα
1399 1265 1540 1333 ἄρξαι
1559 1307 1572 1327 ,
1613 1271 1870 1331 ἐπιτίμους

37 1360 194 1418 εἶναι,
236 1357 365 1418 πλὴν
393 1356 502 1407 ὅσοι
530 1364 580 1418 ἐξ
614 1357 820 1422 Ἀρὲίου
848 1355 1014 1424 πάγου
1058 1354 1086 1415 ἢ
1126 1353 1236 1404 ὅσοι
1275 1359 1335 1403 ἐκ
1365 1352 1467 1401 τῶν
1498 1350 1729 1415 Ἐφετῶν
1759 1347 1786 1409 ἢ
1812 1355 1871 1398 ἑκ

39 1446 367 1509 Πρυτανείου
393 1441 859 1497 καταδικασθέντες
886 1434 989 1489 ὑπὸ
1019 1440 1120 1488 τῶν
1143 1442 1391 1504 βασιλέοιν
1405 1441 1484 1485 ἐπὶ
1506 1435 1654 1501 φόνῳ
1684 1432 1712 1495 ἢ
1739 1452 1872 1496 σφα-

39 1535 208 1597 γαῖσιν
234 1523 262 1588 ἢ
288 1531 366 1577 ἐπὶ
395 1525 658 1591 τυραννίδι
687 1528 913 1593 ἔφυγον,
955 1521 1038 1572 ὅτε
1070 1521 1254 1587 θεσμὸς
1282 1520 1443 1584 ἐφάνη
1472 1518 1570 1571 ὅδε.

406 1614 538 1673 (Lex
564 1611 760 1662 Solonis
789 1610 920 1678 apud
949 1608 1193 1659 Plutarch.
1221 1609 1270 1657 in
1297 1608 1402 1657 vita
1429 1607 1592 1657 Solon.
1629 1607 1730 1666 19.)

883 1717 1034 1766 1014.

182 1794 369 1843 Omnes
393 1793 474 1858 qui
502 1798 615 1840 ante
644 1788 836 1840 Solonis
876 1790 1217 1855 magistratum
1255 1788 1527 1854 ignominia
1565 1787 1762 1836 fuerunt
1787 1802 1870 1833 no-

40 1879 153 1939 tati,
192 1876 334 1926 liberi
360 1875 631 1941 ignominia
669 1879 837 1936 sunto,
879 1874 1098 1939 exceptis
1137 1874 1222 1935 iis,
1265 1874 1345 1939 qui
1384 1871 1515 1937 apud
1545 1869 1872 1935 Areopagitas

40 1969 123 2010 aut
148 1961 367 2026 Ephetas
406 1967 491 2009 aut
526 1960 577 2007 in
616 1959 867 2023 Prytaneo
907 1976 936 2006 a
973 1958 1173 2024 regibus
1215 1956 1550 2006 clandestinae
1591 1952 1751 2002 caedis
1795 1953 1874 1999 vel

40 2044 282 2093 homicidii
309 2044 388 2093 vel
415 2044 673 2093 affectatae
701 2042 974 2109 tyrannidis
1002 2041 1218 2092 damnati
1246 2042 1467 2099 fuerunt,
1508 2056 1617 2087 cum
1644 2037 1766 2086 haec
1792 2036 1871 2085 lex

40 2129 140 2178 lata
167 2134 252 2176 est.

887 2198 1038 2246 1015.

183 2278 275 2339 Μὴ
305 2283 412 2344 περὶ
439 2280 542 2328 τῶν
568 2277 767 2343 ἀτίμων
788 2283 1146 2345 χρηματίζειν,
1188 2275 1320 2334 ὅπως
1352 2273 1452 2340 χρὴ
1488 2278 1747 2338 ἐπιτίμους
1775 2270 1873 2322 αὐ-

44 2363 160 2422 τούς
188 2362 345 2421 εἶναι,
385 2361 479 2413 ἐάν
500 2361 570 2427 μὴ
600 2368 967 2429 ψηφισαμένων
1000 2362 1301 2422 Ἀθηναίων
1339 2359 1432 2422 τὴν
1470 2355 1649 2407 ἄδειαν
1676 2358 1875 2425 πρῶτον

39 2446 108 2511 μὴ
149 2449 361 2496 ἔλαττον
401 2450 785 2509 ἑξακισχιλίων,
837 2445 911 2504 οἷς
951 2443 1017 2495 ἂν
1055 2445 1175 2509 δόξῃ
1215 2442 1444 2509 κρύβδην
1486 2444 1872 2507 ψηιριζομὲνοις’

46 2530 153 2580 τότε
194 2530 237 2579 δ’
265 2536 447 2589 ἐξεῖναι
478 2533 810 2595 χρηματίζειν
847 2534 975 2578 καθ’
1016 2527 1045 2579 ὅ
1082 2550 1129 2578 τι
1169 2526 1236 2577 ἂν
1273 2527 1331 2590 τῇ
1371 2525 1533 2591 βουλῇ
1568 2529 1657 2572 καί
1685 2523 1754 2589 τῷ
1785 2523 1872 2583 δὴ-

41 2635 122 2680 μῳ
151 2613 293 2678 δοκῇ.
795 2615 1077 2676 (Demosth.
1105 2633 1143 2665 c.
1173 2615 1382 2663 Timocr.
1413 2610 1731 2669 wal-715.)

882 2722 1030 2771 1015.

187 2808 262 2856 Ne
289 2807 437 2855 liceat
463 2805 522 2854 de
550 2805 885 2869 ignominiosis
912 2823 1085 2870 agere,
1114 2804 1372 2870 pristinam
1399 2803 1456 2850 iis
1483 2801 1771 2865 dignitatem
1799 2819 1871 2850 re-

7 2950 15 2958 ·
50 2890 342 2939 stituendam
369 2906 500 2949 esse,
541 2889 632 2936 nisi
672 2890 805 2954 prius
839 2890 1150 2938 decreverint
1177 2886 1502 2936 Athenienses
1538 2901 1622 2933 sex
1662 2884 1874 2933 millibus

54 2991 151 3022 non
178 2974 466 3039 paucioreS,
507 2972 653 3020 licere
680 2972 755 3033 id,
796 2974 973 3037 quibus
1001 2973 1191 3020 occulte
1234 2968 1607 3018 decernentibus
1634 2968 1702 3016 ita
1728 2969 1875 3017 fuerit

50 3057 220 3105 visum.
271 3056 399 3105 Tum
426 3072 543 3104 vero
570 3071 716 3117 agere
744 3055 883 3116 licet,
925 3062 1163 3120 quatenus
1191 3051 1381 3101 senatui
1407 3051 1686 3117 populoque
1716 3051 1874 3100 visum

52 3137 206 3188 fuerit.

892 3209 1039 3257 1016.

197 3291 312 3345 Τῶν
337 3289 635 3362 φευγόντων
661 3292 711 3339 αἱ
739 3288 911 3340 οὐσίαι
939 3289 1252 3353 δημεύονται.

770 3364 962 3426 (Schol.
991 3365 1042 3413 in
1068 3362 1382 3429 Aristophan.
1410 3363 1559 3431 Vesp.
1590 3362 1731 3421 947.)
