2114 3642
190 204 287 254 302
903 217 982 248 JUS
1008 215 1220 248 runmco
1232 217 1285 248 M.

333 427 429 483 Τὰς
455 426 663 488 ἐσχάτας
690 425 921 485 τιμωρίας
950 419 1109 480 εἶναι,
1149 421 1238 471 ε’άν
1276 444 1344 479 τις
1376 421 1675 481 Ἀθηναίων
1709 417 1893 470 ἄλλοσέ
1917 442 2001 470 ποι

188 512 418 580 σιτηγήσῃ
449 508 476 568 ἢ
502 504 565 562 οἷς
598 506 921 564 Ἀθηναίους.
1096 508 1334 573 (Lycurg.
1363 526 1401 557 c.
1431 509 1651 558 Leocrat.
1680 504 1722 571 ξ.
1751 507 1861 566 27.)

326 715 555 761 Extrema
581 708 824 774 supplicia
849 714 1017 770 suntO,
1046 709 1084 757 si
1111 709 1218 774 quis
1246 707 1620 759 Atheniensium
1645 708 1741 757 alio
1767 725 1914 772 quam
1939 705 2000 756 ad

184 796 507 845 Athenienses
534 794 779 842 frumenta
805 791 1118 841 divendenda
1144 793 1440 841 transvehat.

1020 898 1170 947 1187.

320 978 461 1029 Κατὰ
489 979 591 1028 τῶν
618 982 817 1044 ἑτέρωσέ
853 999 937 1027 ποι
975 981 1063 1027 καὶ
1097 978 1167 1043 μὴ
1202 977 1462 1039 Ἀθήναζε
1490 975 1885 1046 σεσιτηγηκότων
1910 981 1999 1040 ἑμ-

180 1065 346 1128 πόρων
386 1061 416 1123 ἢ
454 1062 752 1127 ναυκλήρων
783 1061 1083 1122 Ἀθηναίων
1121 1063 1293 1126 φάσεις
1332 1061 1477 1113 εἶναι.
1531 1065 1631 1111 Καὶ
1671 1060 1762 1113 ἐάν
1793 1081 1863 1118 τις
1888 1080 2000 1108 τινα

178 1147 336 1209 ([ήνας
371 1146 439 1209 μή
480 1149 645 1210 ἐπεξίῃ
687 1144 715 1206 ἢ
753 1145 962 1206 ἐπεξιών
993 1146 1062 1212 μὴ
1103 1148 1234 1213 λάβῃ
1260 1146 1318 1197 τὸ
1348 1151 1575 1212 πέμπτον
1594 1149 1743 1211 μέρος
1769 1144 1871 1196 τῶν
1898 1142 2000 1209 ψή-

178 1250 317 1292 φων,
353 1234 524 1293 χιλίας
554 1233 775 1279 ἐκτίνειν
812 1231 882 1295 τῷ
924 1229 1175 1296 δημοσίῳ,
1215 1239 1316 1288 τοῖς
1356 1230 1404 1279 δὲ
1434 1229 1695 1292 ὀφείλουσι
1716 1227 1788 1292 μὴ
1817 1233 1996 1287 ἐξεῖναι

178 1318 352 1382 λέγειν.
459 1315 731 1381 (Anonymi
757 1333 943 1380 argum.
970 1318 1020 1366 in
1045 1317 1296 1367 Demosth.
1324 1334 1363 1366 c.
1393 1315 1650 1365 Theocrin.
1680 1313 1858 1373 1321.)

1018 1424 1164 1473 1187.

317 1519 615 1568 Mercatores
653 1526 737 1567 aut
774 1519 1099 1568 navicularios
1138 1518 1492 1581 Athenienses,
1534 1519 1614 1584 qui
1645 1518 1741 1567 alio
1767 1516 1999 1583 quopiam

176 1620 318 1666 quam
345 1601 562 1651 Athenas
590 1603 888 1651 frumentum
915 1604 1164 1664 vexerint,
1193 1604 1337 1652 liceat
1364 1604 1573 1663 deferre.
1625 1601 1676 1650 Si
1703 1602 1810 1666 quis
1836 1607 1999 1649 autem

175 1684 385 1748 aliquem
412 1685 662 1747 detulerit,
702 1704 792 1735 nec
818 1686 1059 1735 actionem
1085 1694 1370 1752 persecutus
1398 1687 1567 1747 fucrit,
1604 1692 1687 1734 aut
1713 1690 1998 1749 persecutus

175 1768 395 1831 quintam
421 1770 767 1833 suffragiorum
794 1776 985 1835 partem
1011 1787 1109 1817 non
1136 1771 1326 1831 tulerit,
1367 1770 1497 1818 mille
1525 1769 1782 1818 drachmas
1811 1766 1997 1814 aerario

174 1851 346 1913 solvat,
364 1858 411 1900 et
437 1852 737 1901 debit-oribus
765 1852 935 1902 aerarii
963 1870 1128 1902 coram
1154 1854 1336 1919 populo
1361 1853 1512 1902 verba
1528 1853 1687 1902 facere
1714 1868 1812 1899 non
1839 1850 1994 1898 liccat.

1008 1959 1155 2008 1188.

320 2043 434 2095 Τοῖς
460 2038 692 2105 ἐμπόροις
720 2043 807 2089 καὶ
835 2048 937 2096 τοῖς
966 2040 1264 2105 ναυκλήροις
1291 2039 1415 2090 εἶναι
1442 2038 1528 2097 τὰς
1557 2039 1702 2096 δίκας
1731 2036 1850 2103 πρὸς
1878 2035 1996 2092 τούς

178 2127 515 2186 θεσμοθέτας,
568 2123 655 2173 ε’άν
704 2145 747 2172 τι
803 2121 1084 2174 ἀδικῶνται
1130 2129 1185 2173 ἐν
1224 2124 1294 2189 τῷ
1334 2127 1560 2189 ἐμπορίῳ
1600 2120 1628 2183 ἢ
1665 2121 1871 2172 ἐνθένδε
1912 2141 1992 2169 ποι

174 2210 399 2263 πλέοντες
427 2204 454 2265 ἢ
482 2210 720 2271 ἑτέρωθεν
750 2207 926 2271 δεῦρο,
966 2211 1055 2256 καὶ
1082 2215 1184 2264 τοῖς
1212 2205 1447 2255 ἀδικοῦσι
1490 2205 1675 2271 δεσμὸν
1711 2205 1838 2255 εἶναι
1865 2203 1992 2254 τοῦ-

174 2291 426 2351 πιτίμιον,
478 2294 563 2346 ἕως
602 2287 669 2339 ἄν
708 2294 974 2340 ε’κτίσωσιν
1012 2288 1042 2338 ὅ
1080 2311 1124 2339 τι
1165 2287 1232 2339 ἂν
1268 2288 1440 2340 αὐτῶν
1477 2290 1853 2358 καταγνωσθῇ,
1907 2292 1991 2337 ἵνα

167 2370 335 2433 μηδεὶς
363 2370 521 2436 ἀδικῇ
535 2372 725 2438 μηδένα
752 2374 855 2423 τῶν
879 2373 1112 2438 ἐμπόρων
1138 2373 1267 2437 εἰκῇ.

1033 2460 1311 2520 (Demosth.
1340 2459 1449 2508 adv.
1479 2458 1680 2525 Apatur.
1708 2459 1853 2520 892.)

1014 2567 1162 2616 1188.

312 2660 662 2709 Mercatoribus
690 2669 738 2711 et
763 2662 1073 2712 naviculariis
1112 2663 1254 2712 detur
1292 2663 1417 2712 actio
1451 2662 1582 2734 apud
1610 2663 1993 2724 thesmothetas‚

174 2743 209 2787 si
240 2760 332 2805 qua
359 2744 534 2808 injuria
559 2745 607 2791 in
636 2754 852 2795 mercatu
877 2747 1157 2796 afficiantur
1181 2747 1282 2795 sive
1310 2746 1422 2794 hin-c
1449 2746 1543 2794 alio
1572 2747 1864 2809 navigantes
1890 2746 1991 2795 sive

175 2824 363 2874 aliunde
391 2826 512 2889 huc;
551 2834 598 2875 et
635 2836 801 2878 sontes
840 2829 1048 2877 vinculis
1084 2829 1379 2894 puniantur,
1421 2829 1576 2877 donec
1601 2829 1868 2894 Judicatum
1894 2830 1987 2878 sol-

175 2914 315 2968 vant,
359 2915 410 2957 ut
435 2927 496 2958 ne
526 2911 632 2975 quis
659 2919 840 2961 temere
868 2912 1021 2960 ullum
1046 2919 1365 2962 mercatorem
1394 2911 1567 2961 laedat.

319 3095 520 3152 Μηδένα
560 3099 659 3146 τῶν
697 3104 752 3147 ἐν
790 3099 847 3162 τῇ
888 3098 1026 3148 πόλει
1068 3103 1218 3148 πλείω
1257 3108 1398 3150 σῖτον
1436 3098 1749 3159 πεντήκοντα
1778 3102 1990 3166 ([ορμών

175 3183 518 3230 συνωνεῖσθαι.
585 3185 685 3230 Καὶ
726 3182 800 3230 δεῖ
837 3181 1008 3248 ὀβολῷ
1042 3182 1210 3246 μόνον
1249 3188 1430 3234 πωλεῖν
1477 3182 1783 3250 τιμιώτερον.
1844 3183 1987 3244 Mu&

175 3267 569 3324 (thuchogue'tsovg
594 3269 946 3324 καταθέσθαι,
988 3263 1016 3325 ἢ
1046 3269 1267 3323 θάνατος
1295 3269 1416 3316 ἔστω
1446 3263 1470 3326 ἦ
1503 3270 1662 3330 ζημία.

653 3351 855 3416 (Lysias
884 3351 994 3401 adv.
1025 3352 1382 3402 frumentarios.
1411 3349 1486 3418 ἓξ.
1517 3353 1561 3401 6.
1588 3353 1634 3401 8.
1663 3353 1707 3402 9.
1738 3352 1844 3413 13.)
