2114 3642
149 195 250 244 314
869 204 949 235 ms
974 202 1252 235 PUBLICUM.

148 337 259 386 dem
285 353 478 401 semper
504 335 648 384 etiam
674 329 858 395 templa
883 329 1005 389 sint,
1046 328 1104 376 iis
1143 330 1432 379 ceremoniis
1472 331 1629 391 culta,
1672 329 1848 393 quibus
1875 331 1969 380 coli

147 421 336 486 possint
362 426 557 485 praeter
585 430 692 472 eaS,
733 428 856 476 quae
883 410 1100 460 moribus
1119 412 1224 476 jam
1251 421 1364 461 sunt
1391 420 1630 478 receptae.

979 519 1129 568 1234.

292 604 422 661 Τοϋς
448 599 666 657 σπονδάς
693 604 1027 663 ποιουμένους
1054 596 1289 663 ὀμνύναι.
1332 598 1639 664 Ὀμνύντων
1668 600 1716 650 δὲ
1745 599 1838 650 τὸν
1863 605 1972 649 ἐπι-

138 690 330 754 χώριον
357 685 517 751 ὅρκον
545 683 775 748 ἑκάτεροι
801 681 894 731 τὸν
913 686 1157 750 μέγιστον
1183 688 1233 743 ἐξ,
1260 682 1469 744 ἑκάστης
1495 683 1693 740 πόλεως.
1727 679 1794 732 ‘0
1821 682 1863 731 δ’
1880 680 1970 747 ὅρ-

145 793 235 829 κος
286 774 406 819 ἔστω
458 767 575 817 ὅδε·
638 765 938 832 »ἐμμενῶ
1000 773 1144 822 ταῖς
1206 766 1588 826 ξυνθήκαις
1650 770 1763 815 καὶ
1824 774 1969 822 ταῖς

146 852 468 908 σπονδαῖς
506 849 726 906 ταῖςδε
766 847 1043 904 δικαίως
1083 853 1195 897 καὶ
1237 847 1533 906 ἀδόλως.“

1354 935 1603 1001 (Thucyd.
1632 935 1692 997 V,
1723 936 1746 983 1
1757 936 1830 995 8.)

987 1005 1181 1067 1234.-

284 1094 379 1155 Qui
406 1109 576 1159 pacem
611 1091 820 1152 faciunt,
854 1090 1176 1155 jurejurando
1216 1108 1324 1140 eam
1363 1097 1521 1139 ratam
1559 1091 1787 1140 habeant.
1840 1088 1971 1137 Utri-

144 1195 235 1244 que
272 1186 433 1226 autem
465 1174 812 1241 jusjurandum
851 1190 985 1221 more
1025 1173 1183 1238 patrio
1211 1180 1490 1239 receptum,
1532 1173 1662 1238 quod
1688 1174 1738 1221 in
1766 1180 1971 1236 utraque

144 1262 339 1310 civitate
379 1259 647 1308 maximum
685 1257 918 1317 habetur,
949 1257 1131 1321 jurent.
1186 1256 1545 1321 Jusjurandum
1579 1263 1744 1305 autem
1776 1256 1825 1304 in
1852 1255 1973 1303 haec

143 1343 531 1408 verbajuretur:
575 1339 806 1403 „Stabo
844 1338 942 1387 his
980 1339 1197 1404 pactis
1231 1346 1423 1404 atque
1459 1339 1557 1388 his
1584 1338 1972 1389 foederibus

135 1428 318 1492 juste
359 1432 420 1475 et
457 1425 594 1473 sine
635 1422 831 1473 dolo“.

988 1494 1138 1542 1235.

270 1575 382 1626 ἋΗν
409 1576 462 1625 δέ
484 1597 529 1625 τι
558 1575 809 1638 διάφορον
848 1570 879 1638 ᾖ
917 1574 1038 1639 πρὸς
1073 1573 1317 1634 ἀλλήλους
1337 1614 1347 1633 ,
1389 1575 1577 1640 δικαίῳ
1606 1574 1857 1641 χρήσθων
1884 1578 1972 1622 καὶ

145 1660 346 1730 ὅρκοις,
385 1664 512 1709 καθ’
541 1657 570 1708 ὅ
595 1680 640 1708 τι
669 1656 737 1707 ἂν
763 1658 1072 1717 ξυνθῶνται.
1349 1661 1601 1725 (Thucyd.
1630 1661 1689 1722 V,
1722 1661 1831 1722 18.)

989 1768 1138 1817 1235.

286 1854 337 1903 Si
363 1871 458 1919 qua
484 1871 601 1903 vero
630 1852 968 1902 controversia
991 1853 1119 1901 inter
1145 1868 1227 1900 eos
1255 1852 1464 1914 oriatur,
1497 1852 1608 1917 jure
1649 1860 1800 1917 agant
1827 1860 1874 1901 et
1894 1853 1971 1917 ju-

146 1937 431 2003 rejurando,
473 1944 520 1986 et
545 1937 827 1998 conventis,
868 1953 990 2000 quae
1019 1936 1237 1985 fecerint.

987 2045 1137 2093 1236.

285 2124 374 2185 Μὴ
416 2124 718 2175 σπένδεσθαι
755 2123 1061 2190 βαρβάροις,
1102 2131 1274 2190 μισεῖν
1311 2123 1369 2174 τὸ
1409 2128 1552 2193 γένος
1590 2120 1656 2181 (ὃς
1695 2122 1968 2191 ἀλιτήριον,

145 2208 489 2258 ἀδιάλλακτον
516 2204 747 2276 ἡγεῖσθαι
776 2206 869 2257 τὸν
896 2207 1015 2274 πρὸς
1042 2207 1289 2268 ἀλλήλους
1316 2207 1553 2273 πόλεμον.

1175 2295 1404 2355 (Himerii
1433 2295 1605 2358 ecloga
1631 2293 1691 2355 V,
1726 2293 1829 2352 11.)

989 2390 1137 2439 1236.

287 2473 361 2523 Ne
387 2471 558 2522 foedus
585 2472 777 2522 ineatur
804 2490 915 2522 cum
940 2472 1189 2535 barbaris,
1215 2471 1301 2522 sed
1329 2471 1488 2521 odisse
1517 2478 1713 2538 oportet
1738 2472 1864 2521 hanc
1889 2487 1970 2519 na-

147 2560 355 2620 tionem,
408 2566 658 2622 tamquam
698 2560 1012 2620 sceleratam,
1066 2565 1385 2623 mutuumque
1426 2558 1609 2607 bellum
1648 2555 1969 2622 implacabili-

148 2651 221 2691 ter
247 2644 416 2691 alatur.

918 2780 1098 2846 Τμῆμα
1135 2780 1200 2848 β’.

686 2877 1036 2941 Εἰρήνης
1112 2877 1429 2942 νόμιμα.

993 2986 1007 2993 ,χ
1019 2986 1054 2993 „vx
1076 2986 1108 2991 «Ν
1145 2988 1149 2991 χ

933 3045 1095 3096 Sectio
1138 3049 1182 3095 2.

815 3142 1048 3191 Pacis
1101 3143 1297 3207 jura.

985 3261 1130 3309 1237.

284 3348 350 3401 ‘O
376 3349 607 3414 thogmsog
636 3351 766 3402 πόλει
798 3352 1010 3417 δημοσίᾳ
1040 3360 1292 3416 προξενεῖ,
1334 3358 1387 3402 ἐν
1427 3349 1553 3413 ἄλλῃ
1593 3351 1728 3401 πόλει
1758 3349 1860 3410 (δι’,
1902 3346 1966 3409 ὦς
