2114 3642
727 179 1141 217 COMMENTARIUS
1168 186 1237 216 AD
1267 177 1347 216 πῖ.
1862 171 1960 221 515

114 306 222 358 ὑπὸ
247 329 398 365 τινος.
451 310 686 371 (Actione
726 311 785 359 de
814 312 860 359 vi
889 310 1117 360 utebatur
1145 313 1289 360 etiam
1319 312 1555 372 creditor,
1597 314 1677 378 qui
1706 332 1855 379 quum
1882 333 1960 366 co-

114 404 315 444 naretur
346 395 474 444 bona
502 394 738 442 debitoris
767 395 1002 454 retinere,
1043 393 1105 441 ab
1133 394 1293 458 aliquo
1321 396 1726 461 impediebatur.)

899 568 998 621 Ad
1027 571 1181 623 767.

254 704 429 754 Suidas
456 723 492 752 s.
520 721 564 752 v,
588 698 830 759 Ἐξούλης
847 721 860 746 -·
901 704 1043 752 Actio
1072 703 1132 754 de
1160 704 1207 752 vi
1234 704 1396 753 locum
1423 705 1657 766 habebat,
1684 722 1794 754 cum
1820 723 1846 755 e
1874 706 1955 755 de-

113 790 285 838 bitoris
323 789 466 836 bonis
508 787 699 852 expulsi
733 794 921 847 essent,
961 787 1041 852 qui
1063 786 1250 852 judicio
1281 789 1515 837 vicerant.
1570 791 1692 837 Item
1720 789 1957 840 adversus

119 873 393 932 debitoreS,
435 870 517 935 qui
544 887 691 919 causa
719 869 1010 918 ceciderant.

256 965 329 1014 Cf.
359 964 521 1014 Schol.
548 964 598 1013 in
623 964 882 1014 Demosth.
912 965 1113 1014 Midian.
1145 966 1261 1028 528,
1280 967 1362 1028 22,
1392 976 1439 1015 et
1467 969 1681 1029 540‚24.
1718 969 1962 1035 Apostolii

117 1048 355 1098 Proverb.
383 1048 521 1111 XVI,
551 1049 632 1097 47.

255 1143 534 1193 Secundum
561 1143 785 1192 Platonis
813 1143 854 1192 L
871 1160 1022 1207 eges
1050 1144 1196 1206 (958,
1224 1143 1409 1204 A—B)
1446 1145 1674 1210 judicans
1701 1149 1959 1213 magistra-

114 1235 192 1276 tus
220 1227 442 1278 damnati
468 1226 602 1275 bona
640 1226 805 1274 omnia
840 1234 1037 1291 praeter
1076 1227 1376 1275 necessarias
1418 1230 1756 1293 possessiones
1793 1234 1959 1282 statim

114 1312 216 1360 lata
241 1310 486 1360 sententia
513 1309 683 1358 victori
710 1327 800 1374 per
827 1326 1126 1375 praeconem
1155 1311 1408 1359 attribuito
1447 1311 1761 1363 audientibus
1781 1315 1959 1380 judici-

112 1395 232 1457 bus3
270 1412 438 1444 mense
467 1410 582 1441 vero
611 1410 639 1440 a
655 1392 879 1458 judiciali
907 1410 1100 1458 quoque
1128 1394 1384 1458 proximo,
1426 1395 1465 1442 si
1493 1396 1848 1447 condemnatus
1876 1417 1959 1448 no-

111 1478 256 1526 luerit
282 1495 391 1526 cum
417 1477 613 1525 volente
644 1475 828 1523 victore
857 1476 1063 1541 pacisci,
1092 1477 1434 1540 magistratus,
1475 1479 1556 1542 qui
1574 1479 1842 1544 judicavit,
1882 1499 1960 1531 co-

113 1563 291 1611 mitans
330 1561 566 1610 victorem
607 1559 923 1608 condemnati
963 1560 1095 1609 bona
1122 1561 1165 1608 ei
1192 1562 1386 1610 tradito.
1439 1562 1526 1611 Sin
1556 1571 1720 1613 autem
1747 1582 1848 1614 non
1875 1566 1959 1615 ha-

111 1645 231 1694 bent
268 1644 400 1693 unde
439 1644 660 1702 solvant,
712 1661 804 1692 nec
844 1644 1004 1693 minus
1043 1644 1280 1694 drachma
1319 1645 1485 1706 deest,
1525 1647 1637 1695 huic
1676 1647 1726 1695 in
1766 1650 1959 1698 nullum

110 1729 260 1778 alium
285 1728 413 1777 actio
441 1728 612 1788 detur,
652 1727 938 1793 priusquam
976 1727 1198 1777 debitum
1238 1747 1383 1778 omne
1423 1731 1716 1794 persolverit
1752 1733 1953 1796 victori3

112 1813 218 1861 aliis
246 1829 364 1861 vero
390 1813 440 1860 in
467 1811 597 1859 hunc
626 1819 768 1859 sunto
797 1811 1013 1860 actiones
1041 1819 1189 1860 ratae.

255 1907 403 1973 Apud
443 1907 694 1955 Romanos
734 1906 802 1954 sic
841 1914 982 1954 erant
1022 1907 1175 1955 verba
1213 1907 1336 1971 legis
1364 1927 1372 1956 :
1425 1907 1615 1957 Aeris
1656 1913 1957 1962 confessi

113 1990 444 2054 rebusque
484 1990 629 2054 jure
675 1988 1004 2054 judicatis
1043 1990 1330 2053 triginta
1370 1991 1508 2039 dics
1541 1994 1711 2057 justi
1749 2004 1957 2046 sunto.

114 2075 270 2123 Post
304 2073 538 2121 deinde
578 2089 798 2120 manus
837 2073 1120 2138 injectio
1160 2082 1320 2135 esto,
1362 2075 1561 2140 injus
1602 2077 1841 2128 ducito.
1883 2081 1958 2130 Ni

110 2156 482 2221 judicatum
522 2156 686 2204 facit
724 2163 832 2204 aut
871 2156 1013 2219 quis
1053 2156 1220 2205 endo
1262 2158 1336 2217 (id
1378 2166 1473 2206 est:
1514 2161 1603 2219 in)
1645 2178 1783 2210 eum
1811 2163 1958 2228 jure

114 2240 424 2300 vindicit,
463 2256 613 2288 secu
633 2257 679 2286 111
707 2239 957 2302 ducito,
997 2240 1256 2289 vincito
1292 2250 1398 2290 aut
1434 2260 1634 2290 nervo
1670 2253 1777 2293 aut
1803 2263 1956 2296 com-

114 2307 406 2389 pedibus.
460 2322 852 2382 Quindecim
890 2323 1106 2388 pondo
1146 2340 1219 2372 ne
1259 2325 1503 2373 minore
1545 2334 1652 2374 aut
1689 2328 1741 2375 si
1780 2328 1955 2378 volet

113 2408 358 2472 majore
397 2407 665 2455 vincitO.
731 2405 794 2455 Si
833 2407 1013 2455 volet
1052 2424 1163 2455 suo
1201 2408 1427 2456 vivito.
1492 2409 1567 2458 Ni
1606 2427 1717 2458 suo
1756 2413 1954 2474 vivit,

114 2491 219 2555 qui
258 2507 394 2539 eum
432 2489 723 2538 vinctum
775 2489 1072 2551 habebit,
1124 2491 1332 2540 libras
1372 2492 1572 2540 farris
1613 2493 1776 2543 endo
1816 2495 1952 2545 dies

115 2573 144 2621 d
162 2580 280 2622 ato.
320 2571 383 2621 Si
419 2573 598 2621 volet
636 2572 777 2638 plus
817 2573 981 2622 dato.
1021 2574 1139 2622 Erat
1164 2581 1328 2622 autem
1348 2576 1428 2639 jus
1458 2576 1646 2623 interea
1671 2578 1955 2642 paciscendi

114 2674 171 2706 ac
198 2656 291 2704 nisi
317 2656 449 2721 pacti
477 2656 640 2704 forent
681 2656 994 2706 habebantur
1033 2658 1083 2704 in
1122 2657 1325 2706 vinculis
1370 2658 1471 2706 dies
1500 2660 1771 2723 sexaginta.
1822 2663 1956 2712 Inter

114 2758 196 2789 eos
226 2740 330 2789 dies
356 2739 493 2788 trinis
520 2738 755 2788 nundinis
794 2740 1038 2789 continuis
1080 2741 1141 2790 ad
1182 2749 1459 2806 praetorem
1486 2743 1535 2789 in
1564 2743 1815 2793 comitium
1841 2764 1952 2812 pro-

114 2824 446 2882 ducebantur,
475 2829 816 2887 quantaequae
842 2823 1083 2888 pecuniae
1103 2823 1309 2888 judicati
1338 2832 1524 2884 essent,
1565 2826 1953 2890 praedicabatur.

113 2906 296 2956 Tertiis
334 2912 497 2954 autem
536 2904 768 2954 nundinis
807 2906 970 2970 capite
1009 2922 1194 2971 poenas
1234 2906 1420 2955 dabant
1460 2915 1542 2955 aut
1567 2914 1704 2958 trans
1731 2910 1951 2961 Tiberim

115 3006 321 3054 peregre
348 3005 533 3037 venum
559 2987 713 3036 ibant.
767 2986 865 3037 Sed
906 3005 1013 3036 eam
1053 2989 1224 3054 capitis
1265 3006 1478 3054 poenam
1518 2991 1814 3043 sanciendae
1840 2996 1953 3045 fidei

115 3072 274 3135 gratia
308 3072 586 3121 horrificam
625 3071 893 3120 atrocitatis
935 3079 1131 3119 ostentu
1173 3073 1413 3136 novisque
1441 3074 1705 3124 terroribus
1731 3086 1951 3127 metuen-

115 3154 227 3202 dam
253 3155 585 3204 reddiderunt.
638 3154 766 3202 Nam
791 3155 831 3202 si
858 3155 1024 3220 plures
1053 3155 1239 3215 forent,
1269 3155 1445 3220 quibus
1473 3174 1583 3206 reus
1612 3167 1741 3208 esset
1758 3161 1949 3225 judica-

114 3244 218 3299 tus,
258 3254 452 3299 secare,
491 3238 530 3285 si
559 3237 769 3297 vellent,
809 3246 957 3302 atque
997 3238 1166 3303 partiri
1209 3256 1386 3304 corpus
1413 3240 1593 3290 addicti
1620 3242 1713 3290 sibi
1741 3243 1950 3294 hominis

115 3320 456 3384 permiserunt.
510 3320 571 3368 Et
609 3319 808 3383 quidem
846 3321 1000 3369 verba
1038 3320 1145 3386 ipsa
1183 3322 1306 3387 legis
1334 3323 1520 3375 dicam:
1562 3326 1838 3388 Tertiis,
1878 3329 1948 3376 in-

1583 3409 1668 3451 33⁴³·
