<?xml version="1.0" encoding="UTF-8"?>
<!DOCTYPE html PUBLIC "-//W3C//DTD XHTML 1.0 Transitional//EN"
    "http://www.w3.org/TR/xhtml1/DTD/xhtml1-transitional.dtd">
<html xmlns="http://www.w3.org/1999/xhtml" xml:lang="en" lang="en">
 <head>
  <title>
</title>
<meta http-equiv="Content-Type" content="text/html;charset=utf-8" />
  <meta name='ocr-system' content='tesseract 3.04.00' />
  <meta name='ocr-capabilities' content='ocr_page ocr_carea ocr_par ocr_line ocrx_word'/>
</head>
<body>
  <div class='ocr_page' id='page_1' title='image "./synaggtnattiknno00tluoft_0071.png"; bbox 0 0 2161 3673; ppageno 0'>
   <div class='ocr_carea' id='block_1_1' title="bbox 856 215 1941 268">
    <p class='ocr_par' dir='ltr' id='par_1_1' title="bbox 856 215 1941 268">
     <span class='ocr_line' id='line_1_1' title="bbox 856 215 1941 268; baseline 0.003 -1"><span class='ocrx_word' id='word_1_1' title='bbox 856 237 917 268; x_wconf 82' lang='lat' dir='ltr'>DE</span> <span class='ocrx_word' id='word_1_2' title='bbox 945 236 1196 268; x_wconf 81' lang='lat' dir='ltr'>DECRETIS.</span> <span class='ocrx_word' id='word_1_3' title='bbox 1875 215 1941 261; x_wconf 83' lang='grc'>45</span> 
     </span>
    </p>
   </div>
   <div class='ocr_carea' id='block_1_2' title="bbox 250 438 1943 499">
    <p class='ocr_par' dir='ltr' id='par_1_2' title="bbox 250 438 1943 499">
     <span class='ocr_line' id='line_1_2' title="bbox 250 438 1943 499; baseline -0.006 -1"><span class='ocrx_word' id='word_1_4' title='bbox 250 446 614 499; x_wconf 84' lang='lat' dir='ltr'>Consvetudine</span> <span class='ocrx_word' id='word_1_5' title='bbox 652 462 771 494; x_wconf 87' lang='lat' dir='ltr'>vero</span> <span class='ocrx_word' id='word_1_6' title='bbox 810 444 1062 494; x_wconf 84' lang='lat' dir='ltr'>decretum</span> <span class='ocrx_word' id='word_1_7' title='bbox 1102 444 1250 494; x_wconf 82' lang='lat' dir='ltr'>etiam</span> <span class='ocrx_word' id='word_1_8' title='bbox 1288 442 1392 492; x_wconf 86' lang='lat' dir='ltr'>sine</span> <span class='ocrx_word' id='word_1_9' title='bbox 1426 438 1853 490; x_wconf 81' lang='lat' dir='ltr'>senatusconsulto</span> <span class='ocrx_word' id='word_1_10' title='bbox 1881 438 1943 487; x_wconf 86' lang='lat' dir='ltr'>ad</span> 
     </span>
    </p>
   </div>
   <div class='ocr_carea' id='block_1_3' title="bbox 108 532 566 600">
    <p class='ocr_par' dir='ltr' id='par_1_3' title="bbox 108 532 566 600">
     <span class='ocr_line' id='line_1_3' title="bbox 108 532 566 600; baseline -0.011 -16"><span class='ocrx_word' id='word_1_11' title='bbox 108 533 345 600; x_wconf 88' lang='lat' dir='ltr'>populum</span> <span class='ocrx_word' id='word_1_12' title='bbox 369 532 566 581; x_wconf 84' lang='lat' dir='ltr'>feratur.</span> 
     </span>
    </p>
   </div>
   <div class='ocr_carea' id='block_1_4' title="bbox 109 601 1942 832">
    <p class='ocr_par' dir='ltr' id='par_1_4' title="bbox 109 601 1942 832">
     <span class='ocr_line' id='line_1_4' title="bbox 966 601 1081 649; baseline 0.009 -1"><span class='ocrx_word' id='word_1_13' title='bbox 966 601 1081 649; x_wconf 84' lang='lat'><strong>165.</strong></span> 
     </span>
     <span class='ocr_line' id='line_1_5' title="bbox 255 674 1942 748; baseline -0.005 -16"><span class='ocrx_word' id='word_1_14' title='bbox 255 679 490 748; x_wconf 76' lang='grc' dir='ltr'><em>Ψήφισμα</em></span> <span class='ocrx_word' id='word_1_15' title='bbox 525 681 575 731; x_wconf 78' lang='grc' dir='ltr'>δὲ·</span> <span class='ocrx_word' id='word_1_16' title='bbox 596 680 786 747; x_wconf 76' lang='grc' dir='ltr'><em>μηδὲν,</em></span> <span class='ocrx_word' id='word_1_17' title='bbox 826 680 949 745; x_wconf 79' lang='grc' dir='ltr'><em>μήτε</em></span> <span class='ocrx_word' id='word_1_18' title='bbox 985 681 1202 745; x_wconf 78' lang='grc' dir='ltr'><strong><em>βουλῆς,</em></strong></span> <span class='ocrx_word' id='word_1_19' title='bbox 1242 678 1365 745; x_wconf 81' lang='grc' dir='ltr'><strong><em>μήτε</em></strong></span> <span class='ocrx_word' id='word_1_20' title='bbox 1405 676 1594 743; x_wconf 83' lang='grc' dir='ltr'><em>δήμου,</em></span> <span class='ocrx_word' id='word_1_21' title='bbox 1635 674 1802 741; x_wconf 78' lang='grc' dir='ltr'><em>νόμου</em></span> <span class='ocrx_word' id='word_1_22' title='bbox 1843 695 1942 724; x_wconf 77' lang='grc' dir='ltr'>κυ-</span> 
     </span>
     <span class='ocr_line' id='line_1_6' title="bbox 109 763 1799 832; baseline -0.004 -16"><span class='ocrx_word' id='word_1_23' title='bbox 109 765 342 832; x_wconf 78' lang='grc' dir='ltr'><em>ριώτερον</em></span> <span class='ocrx_word' id='word_1_24' title='bbox 367 765 510 815; x_wconf 76' lang='grc' dir='ltr'><em>εἶναι.</em></span> <span class='ocrx_word' id='word_1_25' title='bbox 943 766 1222 827; x_wconf 83' lang='lat' dir='ltr'>(Demosth.</span> <span class='ocrx_word' id='word_1_26' title='bbox 1250 784 1289 817; x_wconf 86' lang='lat' dir='ltr'>c.</span> <span class='ocrx_word' id='word_1_27' title='bbox 1319 765 1606 815; x_wconf 81' lang='lat' dir='ltr'><strong>Aristocrat.</strong></span> <span class='ocrx_word' id='word_1_28' title='bbox 1634 763 1799 826; x_wconf 88' lang='grc'><strong>649.).</strong></span> 
     </span>
    </p>
   </div>
   <div class='ocr_carea' id='block_1_5' title="bbox 247 873 1944 1020">
    <p class='ocr_par' dir='ltr' id='par_1_5' title="bbox 247 873 1944 1020">
     <span class='ocr_line' id='line_1_7' title="bbox 968 873 1079 922; baseline 0.009 -1"><span class='ocrx_word' id='word_1_29' title='bbox 968 873 1079 922; x_wconf 81' lang='grc'><strong>165.</strong></span> 
     </span>
     <span class='ocr_line' id='line_1_8' title="bbox 247 951 1944 1020; baseline -0.005 -13"><span class='ocrx_word' id='word_1_30' title='bbox 247 959 513 1008; x_wconf 81' lang='lat' dir='ltr'>Decretum</span> <span class='ocrx_word' id='word_1_31' title='bbox 551 975 670 1007; x_wconf 88' lang='lat' dir='ltr'>vero</span> <span class='ocrx_word' id='word_1_32' title='bbox 709 956 922 1018; x_wconf 89' lang='lat' dir='ltr'>nullum,</span> <span class='ocrx_word' id='word_1_33' title='bbox 964 956 1043 1006; x_wconf 86' lang='lat' dir='ltr'>vel</span> <span class='ocrx_word' id='word_1_34' title='bbox 1082 963 1280 1005; x_wconf 85' lang='lat' dir='ltr'>senatus</span> <span class='ocrx_word' id='word_1_35' title='bbox 1318 954 1399 1004; x_wconf 88' lang='lat' dir='ltr'>vel</span> <span class='ocrx_word' id='word_1_36' title='bbox 1432 952 1632 1020; x_wconf 86' lang='lat' dir='ltr'>populi,</span> <span class='ocrx_word' id='word_1_37' title='bbox 1672 952 1833 1018; x_wconf 84' lang='lat' dir='ltr'>potius</span> <span class='ocrx_word' id='word_1_38' title='bbox 1860 951 1944 1000; x_wconf 85' lang='lat' dir='ltr'>ha-</span> 
     </span>
    </p>
   </div>
   <div class='ocr_carea' id='block_1_6' title="bbox 108 1040 1084 1160">
    <p class='ocr_par' dir='ltr' id='par_1_6' title="bbox 108 1040 1084 1160">
     <span class='ocr_line' id='line_1_9' title="bbox 108 1040 432 1106; baseline 0 -17"><span class='ocrx_word' id='word_1_39' title='bbox 108 1040 284 1091; x_wconf 85' lang='lat' dir='ltr'><strong>beatur</strong></span> <span class='ocrx_word' id='word_1_40' title='bbox 307 1041 432 1106; x_wconf 86' lang='lat' dir='ltr'>lege.</span> 
     </span>
     <span class='ocr_line' id='line_1_10' title="bbox 970 1110 1084 1160; baseline -0.009 0"><span class='ocrx_word' id='word_1_41' title='bbox 970 1110 1084 1160; x_wconf 87' lang='lat'>166.</span> 
     </span>
    </p>
   </div>
   <div class='ocr_carea' id='block_1_7' title="bbox 244 1190 1802 1338">
    <p class='ocr_par' dir='ltr' id='par_1_7' title="bbox 244 1190 1802 1338">
     <span class='ocr_line' id='line_1_11' title="bbox 244 1190 1384 1257; baseline -0.002 -15"><span class='ocrx_word' id='word_1_42' title='bbox 244 1191 469 1242; x_wconf 82' lang='grc' dir='ltr'><em>Ἐπέτεια</em></span> <span class='ocrx_word' id='word_1_43' title='bbox 496 1191 556 1241; x_wconf 81' lang='grc' dir='ltr'>τὰ</span> <span class='ocrx_word' id='word_1_44' title='bbox 582 1192 664 1251; x_wconf 82' lang='grc' dir='ltr'>τῆς</span> <span class='ocrx_word' id='word_1_45' title='bbox 689 1192 878 1257; x_wconf 83' lang='grc' dir='ltr'><em>βουλῆς</em></span> <span class='ocrx_word' id='word_1_46' title='bbox 905 1190 1036 1241; x_wconf 72' lang='grc' dir='ltr'><em>εἶναι</em></span> <span class='ocrx_word' id='word_1_47' title='bbox 1066 1193 1384 1257; x_wconf 78' lang='grc' dir='ltr'><em>ψηφίσματα.</em></span> 
     </span>
     <span class='ocr_line' id='line_1_12' title="bbox 947 1274 1802 1338; baseline -0.006 -12"><span class='ocrx_word' id='word_1_48' title='bbox 947 1276 1228 1338; x_wconf 84' lang='lat' dir='ltr'>(Demosth.</span> <span class='ocrx_word' id='word_1_49' title='bbox 1256 1293 1295 1325; x_wconf 80' lang='lat' dir='ltr'>c.</span> <span class='ocrx_word' id='word_1_50' title='bbox 1326 1275 1613 1326; x_wconf 81' lang='lat' dir='ltr'>Aristocrat.</span> <span class='ocrx_word' id='word_1_51' title='bbox 1644 1274 1802 1334; x_wconf 60' lang='lat'>651.)</span> 
     </span>
    </p>
   </div>
   <div class='ocr_carea' id='block_1_8' title="bbox 253 1372 1142 1506">
    <p class='ocr_par' dir='ltr' id='par_1_8' title="bbox 253 1372 1142 1506">
     <span class='ocr_line' id='line_1_13' title="bbox 973 1372 1087 1421; baseline 0.018 -2"><span class='ocrx_word' id='word_1_52' title='bbox 973 1372 1087 1421; x_wconf 88' lang='grc'><strong>166.</strong></span> 
     </span>
     <span class='ocr_line' id='line_1_14' title="bbox 253 1455 1142 1506; baseline -0.001 -1"><span class='ocrx_word' id='word_1_53' title='bbox 253 1455 692 1506; x_wconf 81' lang='lat' dir='ltr'>Senatuseonsulta</span> <span class='ocrx_word' id='word_1_54' title='bbox 717 1472 903 1504; x_wconf 85' lang='lat' dir='ltr'>annum</span> <span class='ocrx_word' id='word_1_55' title='bbox 927 1455 1142 1505; x_wconf 84' lang='lat' dir='ltr'>valeant.</span> 
     </span>
    </p>
   </div>
   <div class='ocr_carea' id='block_1_9' title="bbox 253 1550 1944 2237">
    <p class='ocr_par' dir='ltr' id='par_1_9' title="bbox 253 1550 1944 2237">
     <span class='ocr_line' id='line_1_15' title="bbox 965 1550 1082 1599; baseline 0.009 -1"><span class='ocrx_word' id='word_1_56' title='bbox 965 1550 1082 1599; x_wconf 84' lang='lat'><strong>167.</strong></span> 
     </span>
     <span class='ocr_line' id='line_1_16' title="bbox 256 1626 1944 1700; baseline -0.003 -19"><span class='ocrx_word' id='word_1_57' title='bbox 256 1631 329 1681; x_wconf 78' lang='grc' dir='ltr'>Τά</span> <span class='ocrx_word' id='word_1_58' title='bbox 356 1631 404 1681; x_wconf 77' lang='grc' dir='ltr'>δὲ</span> <span class='ocrx_word' id='word_1_59' title='bbox 432 1627 536 1682; x_wconf 72' lang='grc' dir='ltr'>ὑπὸ</span> <span class='ocrx_word' id='word_1_60' title='bbox 565 1632 659 1682; x_wconf 74' lang='grc' dir='ltr'>τοῦ</span> <span class='ocrx_word' id='word_1_61' title='bbox 684 1630 849 1696; x_wconf 84' lang='grc' dir='ltr'><em>δήμου</em></span> <span class='ocrx_word' id='word_1_62' title='bbox 887 1629 1169 1700; x_wconf 77' lang='grc' dir='ltr'><em>γιγνόμενα</em></span> <span class='ocrx_word' id='word_1_63' title='bbox 1209 1633 1300 1679; x_wconf 76' lang='grc' dir='ltr'>καὶ</span> <span class='ocrx_word' id='word_1_64' title='bbox 1341 1632 1549 1679; x_wconf 78' lang='grc' dir='ltr'><em>πλείονα</em></span> <span class='ocrx_word' id='word_1_65' title='bbox 1572 1632 1711 1693; x_wconf 76' lang='grc' dir='ltr'><em>μένει</em></span> <span class='ocrx_word' id='word_1_66' title='bbox 1731 1626 1944 1693; x_wconf 75' lang='grc' dir='ltr'><strong>χρόνον.</strong></span> 
     </span>
     <span class='ocr_line' id='line_1_17' title="bbox 636 1716 1804 1779; baseline -0.003 -11"><span class='ocrx_word' id='word_1_67' title='bbox 636 1717 825 1779; x_wconf 84' lang='lat' dir='ltr'><strong>(Schol.</strong></span> <span class='ocrx_word' id='word_1_68' title='bbox 852 1718 902 1767; x_wconf 90' lang='lat' dir='ltr'>in</span> <span class='ocrx_word' id='word_1_69' title='bbox 929 1717 1185 1768; x_wconf 85' lang='lat' dir='ltr'>Demosth.</span> <span class='ocrx_word' id='word_1_70' title='bbox 1216 1716 1502 1767; x_wconf 82' lang='lat' dir='ltr'><strong>Aristocrat.</strong></span> <span class='ocrx_word' id='word_1_71' title='bbox 1533 1716 1651 1777; x_wconf 83' lang='lat'><strong>651,</strong></span> <span class='ocrx_word' id='word_1_72' title='bbox 1682 1716 1804 1775; x_wconf 87' lang='lat'>15.).</span> 
     </span>
     <span class='ocr_line' id='line_1_18' title="bbox 969 1814 1085 1863; baseline 0.009 -1"><span class='ocrx_word' id='word_1_73' title='bbox 969 1814 1085 1863; x_wconf 86' lang='grc'><strong>167.</strong></span> 
     </span>
     <span class='ocr_line' id='line_1_19' title="bbox 253 1896 1709 1965; baseline -0.002 -19"><span class='ocrx_word' id='word_1_74' title='bbox 253 1897 432 1965; x_wconf 85' lang='lat' dir='ltr'>Populi</span> <span class='ocrx_word' id='word_1_75' title='bbox 459 1915 577 1947; x_wconf 86' lang='lat' dir='ltr'>vero</span> <span class='ocrx_word' id='word_1_76' title='bbox 606 1897 803 1948; x_wconf 81' lang='lat' dir='ltr'>decreta</span> <span class='ocrx_word' id='word_1_77' title='bbox 828 1898 975 1948; x_wconf 80' lang='lat' dir='ltr'>etiam</span> <span class='ocrx_word' id='word_1_78' title='bbox 999 1897 1224 1962; x_wconf 84' lang='lat' dir='ltr'>longiore</span> <span class='ocrx_word' id='word_1_79' title='bbox 1250 1904 1468 1962; x_wconf 84' lang='lat' dir='ltr'>tempore</span> <span class='ocrx_word' id='word_1_80' title='bbox 1498 1896 1709 1946; x_wconf 83' lang='lat' dir='ltr'>valeant.</span> 
     </span>
     <span class='ocr_line' id='line_1_20' title="bbox 971 2006 1085 2056; baseline 0.026 -3"><span class='ocrx_word' id='word_1_81' title='bbox 971 2006 1085 2056; x_wconf 84' lang='lat'>168.</span> 
     </span>
     <span class='ocr_line' id='line_1_21' title="bbox 254 2084 1444 2154; baseline -0.002 -19"><span class='ocrx_word' id='word_1_82' title='bbox 254 2085 346 2145; x_wconf 78' lang='grc' dir='ltr'>Μὴ</span> <span class='ocrx_word' id='word_1_83' title='bbox 376 2084 434 2134; x_wconf 73' lang='grc' dir='ltr'>τὰ</span> <span class='ocrx_word' id='word_1_84' title='bbox 463 2084 626 2151; x_wconf 68' lang='grc' dir='ltr'><em>ψευδῆ</em></span> <span class='ocrx_word' id='word_1_85' title='bbox 651 2085 869 2154; x_wconf 72' lang='grc' dir='ltr'><em>γράφειν</em></span> <span class='ocrx_word' id='word_1_86' title='bbox 894 2091 951 2136; x_wconf 72' lang='grc' dir='ltr'>ἐν</span> <span class='ocrx_word' id='word_1_87' title='bbox 976 2094 1079 2144; x_wconf 79' lang='grc' dir='ltr'><em>τοῖς</em></span> <span class='ocrx_word' id='word_1_88' title='bbox 1106 2089 1444 2153; x_wconf 79' lang='grc' dir='ltr'>ψηφίσμασιν.</span> 
     </span>
     <span class='ocr_line' id='line_1_22' title="bbox 706 2169 1804 2237; baseline -0.005 -15"><span class='ocrx_word' id='word_1_89' title='bbox 706 2171 938 2237; x_wconf 84' lang='lat' dir='ltr'>(Argum.</span> <span class='ocrx_word' id='word_1_90' title='bbox 968 2171 1196 2222; x_wconf 81' lang='lat' dir='ltr'>Aeschin.</span> <span class='ocrx_word' id='word_1_91' title='bbox 1226 2180 1346 2222; x_wconf 80' lang='lat' dir='ltr'>orat.</span> <span class='ocrx_word' id='word_1_92' title='bbox 1374 2172 1423 2219; x_wconf 89' lang='lat' dir='ltr'>in</span> <span class='ocrx_word' id='word_1_93' title='bbox 1452 2169 1804 2235; x_wconf 82' lang='lat' dir='ltr'>Ctesiphont.].</span> 
     </span>
    </p>
   </div>
   <div class='ocr_carea' id='block_1_10' title="bbox 253 2269 1249 2403">
    <p class='ocr_par' dir='ltr' id='par_1_10' title="bbox 253 2269 1249 2403">
     <span class='ocr_line' id='line_1_23' title="bbox 976 2269 1086 2318; baseline 0.009 -1"><span class='ocrx_word' id='word_1_94' title='bbox 976 2269 1086 2318; x_wconf 80' lang='lat'>168.</span> 
     </span>
     <span class='ocr_line' id='line_1_24' title="bbox 253 2350 1249 2403; baseline 0 -3"><span class='ocrx_word' id='word_1_95' title='bbox 253 2350 364 2402; x_wconf 91' lang='lat' dir='ltr'>Non</span> <span class='ocrx_word' id='word_1_96' title='bbox 390 2352 533 2402; x_wconf 87' lang='lat' dir='ltr'>liceat</span> <span class='ocrx_word' id='word_1_97' title='bbox 559 2352 683 2403; x_wconf 81' lang='lat' dir='ltr'>falsa</span> <span class='ocrx_word' id='word_1_98' title='bbox 708 2353 922 2403; x_wconf 82' lang='lat' dir='ltr'>scribere</span> <span class='ocrx_word' id='word_1_99' title='bbox 950 2353 999 2402; x_wconf 91' lang='lat' dir='ltr'>in</span> <span class='ocrx_word' id='word_1_100' title='bbox 1028 2353 1249 2402; x_wconf 81' lang='lat' dir='ltr'>decretis.</span> 
     </span>
    </p>
   </div>
   <div class='ocr_carea' id='block_1_11' title="bbox 889 2488 1168 2494">
    <p class='ocr_par' dir='ltr' id='par_1_11' title="bbox 889 2488 1168 2494">
     <span class='ocr_line' id='line_1_25' title="bbox 889 2488 1168 2494; baseline 0 0"><span class='ocrx_word' id='word_1_101' title='bbox 889 2488 1168 2494; x_wconf 95' lang='lat' dir='ltr'> </span> 
     </span>
    </p>
   </div>
   <div class='ocr_carea' id='block_1_12' title="bbox 655 2645 1410 2877">
    <p class='ocr_par' dir='ltr' id='par_1_12' title="bbox 655 2645 1410 2877">
     <span class='ocr_line' id='line_1_26' title="bbox 757 2645 1312 2747; baseline -0.009 -25"><span class='ocrx_word' id='word_1_102' title='bbox 757 2646 1183 2747; x_wconf 66' lang='grc' dir='ltr'><em>Κεφάλαιον</em></span> <span class='ocrx_word' id='word_1_103' title='bbox 1218 2645 1312 2718; x_wconf 85' lang='grc' dir='ltr'>Δ’.</span> 
     </span>
     <span class='ocr_line' id='line_1_27' title="bbox 655 2775 1410 2877; baseline -0.008 -26"><span class='ocrx_word' id='word_1_104' title='bbox 655 2783 926 2877; x_wconf 76' lang='grc' dir='ltr'><em>Περὶ</em></span> <span class='ocrx_word' id='word_1_105' title='bbox 1025 2775 1410 2875; x_wconf 57' lang='grc' dir='ltr'><strong>ἀρχῶν.</strong></span> 
     </span>
    </p>
   </div>
   <div class='ocr_carea' id='block_1_13' title="bbox 555 3002 1499 3341">
    <p class='ocr_par' dir='ltr' id='par_1_13' title="bbox 555 3002 1499 3341">
     <span class='ocr_line' id='line_1_28' title="bbox 854 3002 1207 3100; baseline -0.008 -18"><span class='ocrx_word' id='word_1_106' title='bbox 854 3005 1066 3100; x_wconf 75' lang='lat' dir='ltr'>Caput</span> <span class='ocrx_word' id='word_1_107' title='bbox 1098 3002 1207 3079; x_wconf 77' lang='lat' dir='ltr'>IV.</span> 
     </span>
     <span class='ocr_line' id='line_1_29' title="bbox 555 3132 1499 3228; baseline 0 -18"><span class='ocrx_word' id='word_1_108' title='bbox 555 3134 611 3210; x_wconf 93' lang='lat' dir='ltr'>D</span> <span class='ocrx_word' id='word_1_109' title='bbox 640 3160 674 3210; x_wconf 81' lang='lat' dir='ltr'>e</span> <span class='ocrx_word' id='word_1_110' title='bbox 747 3132 1499 3228; x_wconf 77' lang='lat' dir='ltr'><strong>magistratibus.</strong></span> 
     </span>
     <span class='ocr_line' id='line_1_30' title="bbox 972 3293 1085 3341; baseline -0.018 0"><span class='ocrx_word' id='word_1_111' title='bbox 972 3293 1085 3341; x_wconf 87' lang='lat'>169.</span> 
     </span>
    </p>
   </div>
   <div class='ocr_carea' id='block_1_14' title="bbox 251 3367 1945 3437">
    <p class='ocr_par' dir='ltr' id='par_1_14' title="bbox 251 3367 1945 3437">
     <span class='ocr_line' id='line_1_31' title="bbox 251 3367 1945 3437; baseline -0.002 -14"><span class='ocrx_word' id='word_1_112' title='bbox 251 3371 552 3435; x_wconf 75' lang='grc' dir='ltr'>Ἀθηναίων</span> <span class='ocrx_word' id='word_1_113' title='bbox 580 3375 680 3424; x_wconf 77' lang='grc' dir='ltr'>τῶν</span> <span class='ocrx_word' id='word_1_114' title='bbox 706 3374 901 3433; x_wconf 72' lang='grc' dir='ltr'><em>ἀστῶν,</em></span> <span class='ocrx_word' id='word_1_115' title='bbox 945 3373 1044 3422; x_wconf 75' lang='grc' dir='ltr'>τῶν</span> <span class='ocrx_word' id='word_1_116' title='bbox 1082 3371 1306 3435; x_wconf 77' lang='grc' dir='ltr'><em>ἑχόντων</em></span> <span class='ocrx_word' id='word_1_117' title='bbox 1339 3367 1548 3432; x_wconf 77' lang='grc' dir='ltr'><em>ἧλικίαν</em></span> <span class='ocrx_word' id='word_1_118' title='bbox 1574 3369 1777 3437; x_wconf 68' lang='grc' dir='ltr'><em>ἄρχειν,</em></span> <span class='ocrx_word' id='word_1_119' title='bbox 1819 3369 1945 3423; x_wconf 77' lang='grc' dir='ltr'><em>ἀνα-</em></span> 
     </span>
    </p>
   </div>
  </div>
 </body>
</html>
