2114 3642
747 265 1156 297 COMMENTARIUS
1184 267 1252 298 AD
1281 265 1360 299 159.
1871 254 1974 302 437

915 424 1013 477 Ad
1049 426 1191 478 159.

274 531 374 582 Sub
403 535 597 598 legibus
624 551 723 581 non
751 533 946 598 scriptis
980 535 1089 582 illae
1132 543 1244 583 sunt
1282 536 1664 601 intelligendae,
1708 555 1831 602 quae
1860 547 1972 604 post

130 617 410 666 anarchiam
449 619 499 665 in
537 618 826 666 collectione
864 616 1031 680 legum
1057 620 1300 667 Draconis
1329 627 1375 668 et
1403 620 1600 669 Solonis
1627 639 1728 670 non
1756 622 1971 686 reperie-

128 700 321 749 bantur.
373 701 519 749 Unde
558 708 722 749 tamen
763 718 861 750 non
903 703 1118 767 sequitur
1144 702 1280 766 leges
1310 703 1419 768 jure
1450 712 1653 754 naturae
1682 707 1899 754 firmatas
1928 713 1974 752 et

129 784 278 848 longa
318 785 671 833 consvetudine
713 785 949 845 sancitas,
1005 786 1345 834 deficientibus
1399 788 1621 852 positivis
1672 789 1972 856 reipublicae

129 868 346 931 legibus,
389 868 567 916 1111111113
595 867 745 916 fuisse
774 867 963 917 valoris.
1019 869 1078 917 V.
1120 869 1423 917 Platneri
1464 871 1668 919 Process
1701 890 1744 921 u.
1774 872 1818 921 d.
1848 873 1969 922 Kla-

127 968 237 1014 gen.
266 970 313 1016 p.
342 951 422 999 86.

270 1046 415 1112 Apud
443 1047 691 1100 Romanos
731 1047 969 1110 vigesimo
1011 1047 1181 1112 quinto
1221 1049 1414 1098 circiter
1452 1058 1564 1116 post
1602 1068 1742 1115 reges
1771 1060 1968 1101 exactos

128 1148 257 1178 anno
285 1129 342 1178 T.
371 1130 610 1180 Romilius
638 1139 805 1179 censet
832 1131 1019 1195 legatos
1047 1141 1092 1180 et
1128 1132 1341 1182 Athenas
1370 1141 1417 1181 et
1444 1135 1493 1181 in
1521 1136 1640 1183 alias
1664 1134 1968 1184 Graecorum

129 1213 275 1262 urbes
302 1214 568 1263 mittendos
597 1232 728 1276 esse,
771 1216 851 1279 qui
892 1217 1186 1281 optimarum
1230 1217 1391 1280 legum
1420 1219 1702 1283 exemplum
1729 1227 1969 1284 peterent,

129 1314 224 1361 quo
253 1298 408 1360 magis
437 1306 571 1346 certa
598 1298 837 1362 quaedam
864 1299 986 1362 juris
1015 1299 1173 1347 forma
1200 1300 1410 1348 describi
1439 1303 1764 1367 componique
1792 1313 1970 1369 posset.

130 1380 321 1428 Placuit
347 1380 467 1429 haec
503 1382 772 1442 sententia,
815 1383 963 1446 fitque
1006 1383 1277 1430 secundum
1317 1400 1424 1431 eam
1464 1388 1972 1444 senatusconsultum,

129 1465 260 1528 quod
287 1464 428 1529 plebs
457 1482 651 1530 quoque
680 1466 788 1530 ipsa
814 1466 1058 1530 probavit.
1089 1467 1262 1530 Legati
1279 1467 1487 1516 Romani
1515 1475 1614 1516 tres
1642 1469 1858 1518 fuerunt:
1889 1470 1972 1536 Sp.

129 1547 444 1595 Posthumius
484 1547 669 1609 Albus,
730 1549 779 1599 A.
823 1549 1032 1597 Manlius·
1075 1558 1121 1598 ct
1162 1550 1359 1598 Servius
1400 1551 1639 1617 Sulpitius
1681 1553 1970 1602 Camerinus

128 1631 325 1690 (Livius
354 1633 441 1692 HI,
472 1632 580 1691 31).
632 1632 902 1697 Dionysius
930 1633 1099 1681 scribit
1128 1635 1212 1695 (X,
1246 1634 1363 1694 51),
1406 1635 1579 1685 missos
1614 1653 1810 1701 quoque
1839 1638 1970 1701 lega-

128 1723 202 1763 tos
229 1715 279 1763 in
307 1732 389 1763 eas
418 1713 721 1763 Graecorum
751 1715 1000 1774 civitates,
1045 1733 1169 1779 quac
1198 1717 1246 1763 in
1274 1718 1417 1766 Italia
1445 1727 1608 1781 erant,
1652 1737 1777 1785 quae
1818 1738 1971 1784 quon-

129 1799 242 1847 dam
269 1798 450 1862 Magna
479 1797 687 1846 Graecia
714 1798 843 1847 dicta
871 1806 968 1861 est,
1010 1816 1121 1847 nam
1164 1807 1210 1847 et
1251 1817 1306 1848 ea
1346 1802 1565 1865 insignes
1606 1802 1822 1851 habebat
1857 1805 1972 1851 civi-

128 1892 252 1933 tates
292 1892 339 1933 et
377 1885 697 1948 legislatores.
751 1885 893 1932 Locri
934 1886 1201 1933 servabant
1239 1886 1312 1933 sui
1355 1887 1553 1935 Zaleuci
1595 1887 1756 1951 leges,
1800 1887 1971 1936 Thurii

120 1970 235 2033 jura
274 1970 346 2017 sui
387 1967 693 2017 Charondae.
759 1967 856 2016 Sed
897 1967 1117 2018 Athenas
1170 1970 1509 2034 properabant
1548 1969 1697 2033 legati
1736 1969 1970 2027 Romani,

129 2070 254 2118 quae
282 2052 398 2101 urbs
428 2060 571 2113 tunc,
613 2051 924 2116 gubernante
954 2052 1170 2113 Pericle,
1211 2052 1450 2117 quaedam
1490 2053 1641 2101 veluti
1670 2053 1839 2102 schola
1866 2054 1969 2112 fuit,

130 2154 251 2201 quae
281 2136 541 2186 Graeciam
568 2137 849 2185 universam
878 2137 1120 2197 erudiret,
1161 2154 1286 2202 quae
1326 2145 1442 2185 nata
1468 2137 1717 2187 videretur
1744 2138 1805 2186 ad
1833 2137 1969 2200 leges

129 2220 232 2269 aliis
260 2220 456 2287 populis
483 2220 684 2268 dandas.
738 2221 909 2283 Neque
939 2237 1057 2268 vero
1087 2238 1197 2268 611111
1225 2220 1413 2268 Pericle
1455 2221 1627 2283 mode,
1669 2221 1756 2269 sed
1786 2229 1832 2270 et
1861 2239 1971 2269 611111

129 2303 441 2370 Areopagitis
470 2302 528 2352 de
557 2303 836 2368 republica,
878 2304 937 2352 de
957 2305 1097 2369 jure,
1138 2303 1197 2352 de
1237 2303 1430 2367 legibus
1469 2305 1680 2368 colloqui
1708 2305 1857 2368 legati
1884 2324 1968 2370 po-

129 2395 338 2438 tuerunt.

270 2483 571 2532 Prostabant
597 2483 756 2531 adhuc
781 2484 1149 2548 religiosissime
1179 2484 1338 2532 cultae
1371 2483 1567 2533 Solonis
1594 2485 1745 2547 leges,
1775 2493 1970 2534 centum

129 2568 229 2616 fere
259 2574 306 2615 et
333 2566 662 2631 quadraginta
697 2569 802 2633 jam
842 2585 1083 2617 annorum
1123 2586 1214 2616 usu
1254 2569 1634 2633 comprobatae,
1677 2569 1852 2632 quibus
1893 2570 1971 2617 vel

129 2651 436 2700 honestiores
464 2650 543 2698 vel
573 2651 840 2716 aequiores,
871 2651 947 2700 vel
976 2652 1036 2700 ad
1065 2652 1424 2717 rempublicam
1452 2652 1842 2701 constituendam
1871 2670 1970 2701 me-

129 2735 274 2783 liores
314 2735 557 2782 conscribi
597 2752 695 2782 non
736 2753 905 2800 posse,
961 2736 1259 2801 prudentum
1311 2736 1529 2783 omnium
1570 2737 1816 2784 sententia
1853 2744 1969 2785 erat.

129 2819 241 2883 Ipse
283 2817 456 2866 Cicero
497 2818 564 2866 ait
612 2821 751 2883 (pro
793 2819 845 2867 L.
886 2819 1144 2868 Flacco.
1186 2819 1306 2878 26):
1363 2819 1574 2880 „adsunt
1613 2818 1967 2881 Athenienses,

129 2901 257 2949 unde
286 2902 528 2962 doctrina,
558 2901 860 2962 humanitas,
889 2903 1086 2966 religio,
1116 2903 1313 2965 fruges,
1343 2903 1450 2967 jur
1469 2919 1521 2962 a,
1557 2902 1703 2965 lege
1721 2921 1742 2951 s
1770 2911 1970 2963 ortae,

130 2991 273 3049 atque
300 2986 350 3033 in
378 3003 545 3034 omnes
573 2992 726 3033 terras
754 2985 1042 3034 distributae
1071 2992 1317 3050 putantur.
1328 2984 1352 3009 ‘⁶

273 3077 397 3128 Cum
423 3082 575 3143 legati
603 3087 716 3146 post
749 3082 1014 3130 triennium
1052 3081 1236 3129 reversi
1277 3087 1465 3141 essent,
1507 3086 1706 3129 senatus
1734 3085 1968 3148 populus-

134 3179 225 3226 que
253 3162 491 3225 decrevit,
522 3164 691 3212 decem
719 3181 742 3211 c
772 3164 1080 3212 senatoribus
1110 3165 1241 3212 viros
1269 3163 1560 3227 deligendos
1588 3181 1722 3226 esse,
1760 3166 1841 3230 qui
1870 3175 1916 3215 et
1945 3184 1969 3214 e

134 3246 302 3309 patriis
343 3247 781 3295 consvetudinibus
829 3255 876 3295 et
916 3246 1220 3296 Graecorum
1261 3247 1455 3310 legibus
1496 3254 1679 3295 certam
1722 3250 1969 3313 quandam

135 3328 423 3391 colligerent
461 3336 910 3395 componerentque
956 3331 1080 3395 juris
1136 3329 1360 3395 perpetui
1407 3329 1625 3380 formam.
1690 3331 1969 3381 Decemviri

136 3412 297 3475 itaque
336 3420 437 3462 toto
481 3431 607 3464 anno
646 3413 836 3477 legibus
878 3415 1230 3479 componendis
1270 3429 1474 3478 operam
1515 3414 1726 3477 dabant,
1765 3432 1855 3464 nec
1881 3435 1967 3481 pu-
