2114 3642
115 196 214 243 504
569 207 975 241 (mmmmm-xnus
1018 205 1072 234 w
1101 203 1182 234 6576.
1212 202 1292 235 677.
1322 203 1402 235 675.
1432 202 1514 234 682.

115 333 248 397 παρὰ
278 336 435 384 ταῦτα
466 333 723 391 δικάζηται
742 367 754 387 ,
791 326 860 391 μὴ
891 326 1234 394 εἰσαγώγιιιιοι]
1266 325 1391 375 εἶναι
1423 324 1517 385 τήν
1544 326 1710 387 δίκην.
1766 333 1954 392 (Quum

114 422 405 487 exceptione
434 439 540 468 sum
567 435 708 473 usus,
751 433 851 463 non
892 414 1157 462 convenire
1197 413 1325 461 hanc
1359 414 1629 472 actionem,
1671 415 1732 463 de
1758 414 1952 478 legibus

111 504 324 569 primum
351 504 534 557 dicam,
573 497 842 547 secundum
883 513 1003 561 quas
1038 497 1381 561 except-ionem
1419 498 1645 562 opposui.
1698 498 1856 562 Leges
1875 500 1952 564 ju·

112 588 234 635 bent
272 587 487 635 actiones
528 582 631 630 dari
671 579 986 629 naviculariis
1027 587 1075 628 et
1115 579 1507 643 negotiatoribus
1534 580 1585 628 in
1611 580 1668 629 iis
1696 582 1951 631 contracti-

113 671 231 731 bus,
272 670 352 735 qui
380 667 598 718 Athenas
626 663 824 712 aliunde
854 671 901 710 et
929 662 1137 712 Athenis
1164 662 1260 712 alio
1288 663 1588 724 referantur,
1619 671 1666 712 et
1693 664 1750 713 de
1778 665 1954 729 quibus

114 761 282 804 extent
309 751 531 812 tabulae3
570 750 645 796 sin
673 748 780 813 quis
806 753 1001 812 praeter
1035 746 1157 794 haec
1197 746 1333 795 litem
1372 746 1622 809 intendat,
1664 766 1766 797 non
1805 748 1954 797 intro-

113 836 384 886 ducendam
411 849 517 882 esse
544 832 830 891 actionem.)

894 922 993 975 Ad
1023 922 1175 975 676.

253 1036 701 1102 Harpocratio
742 1051 777 1083 s.
806 1053 850 1082 v.
891 1028 1243 1095 αὐτομαχεϊν.·
1284 1033 1335 1083 Si
1375 1035 1482 1099 quis
1510 1041 1686 1084 testem
1712 1036 1950 1101 proferat,

112 1122 194 1186 qui
233 1126 617 1181 contestaretur,
658 1136 857 1168 causam
896 1118 1152 1167 intendere
1191 1135 1280 1183 per
1318 1118 1455 1180 leges
1494 1135 1595 1166 non
1635 1118 1812 1179 licere,
1851 1118 1956 1183 ipse

112 1203 309 1269 quidem
347 1221 447 1252 non
486 1203 697 1268 amplius
729 1202 919 1268 judicio
960 1201 1239 1262 contendit,
1278 1218 1448 1249 verum
1487 1209 1590 1250 tota
1627 1201 1686 1251 lis
1723 1201 1956 1251 adversus

112 1294 471 1337 contestantem
499 1294 738 1335 movetur.

898 1376 996 1430 Ad
1024 1378 1176 1429 677.

252 1489 500 1556 Anonym.
529 1490 678 1539 schol.
706 1491 755 1537 in
784 1498 893 1538 stat.
922 1507 1029 1554 cap.
1063 1488 1140 1548 16,
1170 1488 1226 1535 7:
1269 1483 1568 1533 Εὐθυδικία
1609 1490 1709 1534 ἐστι
1751 1484 1808 1534 τὸ
1836 1490 1952 1533 κατ’

112 1570 247 1623 εὐθύ
278 1570 357 1631 τῆς
386 1571 528 1630 δίκης
558 1575 684 1619 ἰέναι
706 1610 716 1628 ,
757 1575 845 1618 καὶ
881 1568 949 1633 μὴ
985 1569 1157 1632 μόνον
1198 1566 1298 1617 ἀπὸ
1340 1569 1433 1616 τοὺ
1479 1568 1641 1632 νόμου
1670 1568 1953 1633 προβάλλε-

113 1663 237 1706 σθαι
266 1652 471 1713 ἄδειαν,
516 1652 647 1703 ἀλλὰ
677 1657 765 1701 καὶ
795 1651 886 1712 τὴν
915 1650 1015 1700 ἀπὸ
1045 1652 1146 1700 τῶν
1175 1650 1484 1720 πραγμάτων
1524 1650 1814 1721 ἀπολογίαν
1842 1673 1959 1702 ποι-

112 1745 298 1791 εῖσθαι.
353 1742 581 1802 (Directa
613 1740 738 1806 juris
781 1740 886 1800 via,
927 1756 1011 1787 seu
1053 1739 1377 1787 accusationis
1412 1739 1665 1804 depulsio,
1708 1746 1781 1787 est
1809 1757 1959 1804 quum

113 1827 295 1875 directe
324 1831 495 1874 contra
533 1823 899 1872 accusationem
940 1822 1253 1888 proceditur,
1296 1828 1343 1870 et
1369 1837 1469 1869 non
1498 1822 1656 1870 solum
1684 1839 1708 1870 e
1734 1821 1845 1885 lege
1871 1822 1957 1869 im-

113 1910 325 1959 munitas
355 1908 497 1968 facti,
539 1906 674 1972 cujus
703 1924 1017 1966 accusamur,
1057 1905 1362 1965 defenditur,
1391 1905 1475 1953 sed
1504 1913 1552 1953 et
1579 1906 1725 1954 etiam
1752 1924 1811 1954 ex
1838 1905 1958 1970 ipsis

114 1993 258 2042 rebus
286 1992 508 2041 hauritur
536 1990 801 2048 defensio.)

257 2087 460 2136 Directa
479 2086 603 2152 juris
632 2086 712 2133 via
738 2085 889 2149 igitur
916 2102 1014 2133 non
1043 2085 1246 2133 recurrit
1273 2084 1333 2133 ad
1361 2085 1720 2149 exceptionem.

257 2182 434 2231 Suidas
460 2200 496 2230 s.
525 2200 569 2229 v.
599 2175 930 2227 Εὐθυδικία.·
971 2179 1096 2228 Cum
1137 2180 1244 2244 quis
1283 2180 1332 2227 in
1365 2180 1448 2245 jus
1488 2188 1721 2241 vocatur,
1762 2198 1959 2229 causam

104 2267 326 2315 dicturus
346 2265 406 2313 de
428 2283 479 2314 re
503 2264 760 2330 injudicio
789 2264 1011 2312 nondum
1040 2265 1324 2328 disceptata,
1353 2263 1402 2312 id
1430 2259 1712 2309 εὐθυδικία
1741 2273 1956 2313 vocatur.

252 2348 326 2399 Cf.
357 2348 565 2412 Gregor.
596 2347 816 2397 Corinth.
845 2347 906 2396 ad
933 2347 1236 2412 Hermogen.
1276 2346 1490 2395 met-hod.
1533 2347 1773 2411 eloquent.
1805 2347 1957 2397 1120.

116 2451 220 2499 cap.
251 2433 296 2481 2.

896 2498 994 2550 Ad
1025 2499 1177 2550 678.

258 2610 511 2659 Demosth.
552 2627 590 2657 c.
631 2608 920 2659 Androtion.
964 2609 1091 2656 600:
1119 2602 1368 2673 ’Ἑλεγχός
1409 2610 1572 2665 ἐστιν,
1614 2603 1740 2655 ὅταν
1779 2600 1853 2656 ὦν
1893 2603 1960 2656 ἄν

119 2693 231 2754 εἴπῃ
259 2712 356 2749 τις,
385 2693 476 2738 καὶ
503 2687 717 2748 τάληθὲς
747 2685 879 2753 ὁμοῦ
911 2688 1073 2751 δείξῃ·
1104 2691 1203 2737 ἔστι
1233 2692 1417 2737 τοίνυν
1446 2688 1647 2757 ἀνάγκη
1674 2688 1792 2748 τούς
1819 2695 1959 2760 ἐλέγ-

114 2795 305 2836 χοντας
341 2772 368 2832 ἢ
393 2771 637 2838 τεκμήρια
679 2771 970 2829 δεικνύναι,
1013 2772 1075 2819 δι’
1118 2765 1191 2820 ὧν
1229 2771 1539 2835 ἐμφανιοῦσι
1584 2771 1640 2820 τὸ
1683 2773 1891 2833 πιστὸν,
1933 2773 1960 2834 ἢ

121 2856 179 2904 τά
221 2857 395 2905 εἰκότα
434 2856 675 2921 φράζειν,
721 2853 749 2914 ἢ
781 2855 1039 2919 μάρτυρας
1094 2859 1419 2918 παρέχεσθαι.
1477 2859 1738 2918 (probatio
1779 2868 1877 2920 est,
1920 2861 1958 2908 si

122 2943 228 3006 quis
256 2960 379 3005 quae
419 2943 558 3001 dicit,
598 2960 655 2991 ea
695 2943 841 2990 etiam
881 2957 1001 2989 vera
1041 2958 1144 2989 esse
1185 2942 1411 2989 ostendit.
1464 2942 1678 2990 Necesse
1708 2950 1781 2989 cst
1808 2943 1958 3006 igitur

123 3043 205 3073 eos
234 3025 314 3088 qui
342 3027 554 3089 probant
581 3034 664 3074 aut
689 3027 993 3089 argumentis
1032 3026 1120 3073 niti
1148 3043 1238 3090 per
1266 3043 1388 3090 quae
1416 3027 1484 3074 rei
1513 3027 1770 3074 veritatem
1798 3026 1955 3076 decla-

121 3114 256 3167 rent,
297 3115 381 3155 aut
408 3111 688 3159 verisimilia
715 3112 918 3169 afferre,
960 3118 1042 3158 aut
1069 3110 1340 3174 producere
1370 3112 1560 3169 testes.)

898 3249 998 3302 Ad
1025 3250 1176 3301 682.

265 3356 539 3405 Secundum
568 3357 608 3405 L
624 3375 646 3404 e
662 3375 695 3419 g
711 3377 734 3406 e
751 3378 771 3406 s
806 3361 1109 3408 Platonis
1146 3359 1291 3420 (937,
1322 3359 1418 3418 A):
1457 3361 1496 3408 si
1524 3359 1631 3423 quis
1650 3359 1956 3425 judicantem
