2114 3642
101 233 202 280 440
655 241 1060 275 COMMENTARIUS
1088 240 1156 272 AD
1186 239 1265 274 161.
1296 240 1375 274 163.

100 375 185 425 sed
212 374 271 424 ad
299 391 607 425 communem
649 369 907 419 utilitatem
949 367 1147 417 condita
1188 369 1359 430 fuerit,
1400 385 1458 418 ex
1493 384 1650 432 aequo
1679 366 1741 417 ad
1769 384 1936 417 omnes

100 460 394 524 pertinens.)

242 541 542 591 Platonis
572 538 777 600 Leges
816 536 903 596 III,
935 536 1062 583 684:
1104 535 1328 601 Plerique
1357 535 1765 600 legumlatoribus
1793 551 1934 601 prae-

103 626 314 691 cipiunt,
353 624 475 672 tales
515 629 564 669 ut
603 620 739 682 leges
766 618 952 678 ferant,
995 636 1114 683 quas
1142 620 1314 685 populi
1343 627 1391 668 et
1417 618 1754 667 multitudines
1780 617 1935 667 homi-

101 727 217 756 num
255 707 478 755 lubentes
507 703 775 768 accipiant,
817 703 954 766 quasi
999 703 1081 767 qui
1121 703 1530 751 exercitationum
1570 702 1815 767 magistris
1857 702 1935 750 vel

98 790 296 839 medicis
323 787 620 854 praecipiat,
661 791 713 834 ut
754 803 863 834 cum
904 786 1159 849 voluptate
1200 793 1373 834 curent
1399 793 1670 850 sanentque
1699 802 1934 851 corpora,

99 891 219 937 quae
247 878 432 921 curant.

884 937 983 990 Ad
1020 938 1149 991 161.

235 1050 363 1098 Hinc
391 1056 626 1116 apparet,
668 1047 804 1114 leges
833 1065 931 1097 non
959 1049 1009 1096 in
1036 1048 1358 1114 praeteritum
1385 1047 1611 1097 valuisse.

233 1134 427 1198 Regula
441 1134 563 1183 haec
579 1132 772 1181 nonnisi
801 1133 889 1180 sub
918 1132 1214 1198 imperatore
1233 1132 1514 1182 Theodosio
1533 1134 1611 1192 IL,
1641 1150 1773 1181 anno
1793 1131 1932 1181 Chri-

95 1219 154 1266 sti
183 1218 285 1264 440
312 1216 519 1265 invaluit
547 1217 729 1281 injure
759 1233 979 1265 romano.
1033 1216 1238 1279 Legitur
1266 1215 1396 1264 enim
1433 1216 1486 1265 L.
1517 1218 1561 1265 7.
1592 1216 1645 1265 C.
1676 1216 1734 1265 de
1763 1217 1857 1280 leg.
1891 1217 1932 1277 l,

94 1301 184 1348 14:
227 1302 420 1365 „Leges
449 1308 495 1349 et
523 1300 897 1349 constitutiones
936 1299 1111 1348 futuris
1151 1307 1332 1348 certum
1367 1307 1438 1348 est
1466 1300 1580 1349 dare
1611 1300 1820 1349 formam
1848 1317 1931 1348 ne-

90 1385 260 1448 gotiis,
302 1401 401 1433 non
429 1383 491 1432 ad
521 1384 652 1433 facta
678 1384 940 1448 praeterita
969 1383 1239 1432 revocari.“

233 1481 289 1529 In
317 1480 573 1543 Hungaria
599 1497 729 1528 anno
763 1480 896 1526 1486
936 1480 1026 1527 sub
1063 1495 1177 1544 rege
1206 1479 1412 1528 Matthia
1439 1479 1656 1529 Corvino
1685 1479 1933 1528 constitui-

90 1572 194 1620 tur,
223 1571 273 1612 ut
303 1581 506 1626 „omnes
533 1580 710 1612 causae
740 1563 937 1625 ettliteS,
967 1581 1091 1628 quae
1120 1564 1358 1612 hactenus
1387 1580 1534 1629 super
1561 1565 1933 1629 quibuscunque

88 1648 233 1695 rebus
262 1654 309 1694 et
335 1647 545 1710 negotiis
572 1654 730 1694 motae
758 1654 896 1707 sunt,
933 1646 1106 1695 eodem
1134 1646 1300 1695 ordine
1330 1656 1375 1695 et
1401 1664 1637 1711 processu
1656 1647 1809 1712 juris,
1838 1663 1934 1710 quo

89 1730 339 1794 hucusque
367 1737 659 1778 consvetum
700 1730 814 1790 fuit,
855 1731 1112 1794 prosequi,
1153 1730 1426 1789 terminari,
1468 1737 1515 1777 et
1543 1731 1668 1778 finiri
1696 1730 1934 1791 debeant;

89 1815 151 1861 ita
180 1813 430 1873 videlicet,
473 1813 604 1878 quod
646 1814 1063 1879 praescripti
1103 1813 1373 1861 articuli
1413 1813 1818 1862 solummodo
1861 1812 1933 1861 de

88 1897 337 1945 futuris
378 1905 438 1944 et
483 1914 604 1946 non
654 1898 727 1945 de
772 1897 1166 1962 praeteritis
1208 1897 1498 1946 confecti
1545 1897 1930 1960 intelligan-

86 1988 149 2028 tu
165 1979 233 2029 rf‘
277 1981 569 2040 (Decretum
597 1980 681 2043 VI,
710 1981 943 2030 articulus
972 1982 1081 2040 70.)

233 2075 374 2142 Apud
403 2076 754 2141 Francogallos
795 2079 950 2126 multo
991 2077 1176 2126 tardius
1215 2075 1420 2125 invaluit
1445 2077 1564 2126 haec
1590 2077 1763 2142 regula
1794 2076 1930 2142 juris.

89 2161 195 2222 „La
233 2161 299 2208 loi
340 2175 399 2208 ne
435 2159 630 2226 dispose
659 2178 752 2225 que
780 2179 907 2227 pour
933 2161 959 2209 l’
990 2160 1189 2222 avenir3
1231 2159 1318 2209 elle
1348 2158 1393 2208 n'
1422 2179 1450 2209 a
1477 2161 1614 2225 point
1642 2161 1684 2209 d’
1714 2162 1831 2209 effet
1856 2176 1929 2208 re-

85 2243 327 2292 troactif.“
370 2245 436 2305 (C
454 2264 481 2294 o
498 2247 528 2296 d
546 2265 569 2295 e
598 2248 644 2296 N
658 2264 686 2295 a
701 2266 733 2313 p
753 2265 780 2296 o
798 2248 813 2295 l
829 2250 852 2295 ἑ.
870 2266 959 2296 on.
1001 2246 1137 2295 Titre
1165 2245 1511 2311 pre'liminaire,
1542 2248 1614 2305 2.)

228 2340 468 2403 Regulam
495 2359 688 2407 quoque
707 2342 849 2406 juris,
878 2343 1010 2407 quod
1028 2342 1105 2390 lex
1134 2342 1379 2406 posterior
1407 2341 1609 2404 deroget
1636 2340 1799 2406 priori,
1830 2340 1930 2388 vim

89 2423 316 2471 habuisse
345 2425 473 2487 apud
503 2424 746 2485 Graecos,
789 2432 924 2490 patet
958 2442 981 2472 e
1011 2424 1258 2472 Plutarchi
1286 2424 1667 2484 Quaestionibus
1695 2424 1928 2472 conviva-

87 2507 213 2554 libus
241 2507 355 2567 (IX,
387 2508 465 2568 13,
496 2509 572 2569 3),
603 2510 683 2558 ubi
712 2510 945 2573 legimus:
988 2508 1043 2554 3²1„
1088 2527 1132 2554 [ε
1173 2504 1383 2573 δόγμασι
1421 2509 1509 2553 καὶ
1541 2504 1712 2569 νόμοις
1739 2503 1928 2569 κυριώ-

94 2606 199 2648 teo&
229 2585 289 2635 τά
320 2585 501 2653 ’ὕστερα
530 2593 788 2652 νομίζεται
819 2593 908 2637 καὶ
937 2588 1237 2653 βεβαιότερα
1265 2588 1368 2637 ’τῶν
1396 2588 1615 2653 πρώτων.
1648 2592 1732 2650 (In
1760 2591 1927 2639 decre-

89 2673 149 2719 tis
177 2682 222 2721 et
249 2675 440 2738 legibus
467 2676 739 2740 posteriora
766 2676 1012 2741 prioribus
1042 2677 1151 2740 plus
1187 2676 1352 2725 valere
1382 2677 1716 2741 majoremque
1744 2674 1926 2722 habere

89 2757 424 2806 auctoritatem
451 2761 753 2818 censentur.)

228 2851 301 2898 De
330 2853 517 2902 ratione
544 2854 855 2903 ferendarum
884 2855 1050 2918 legum
1084 2854 1214 2919 apud
1244 2853 1463 2903 Graecos
1489 2853 1682 2919 scripsit
1710 2853 1818 2902 Car.
1847 2853 1924 2902 Fr.

90 2930 425 2982 Hermaimus:
468 2925 640 2985 [lber
667 2936 930 2998 Gesetz,
967 2937 1482 3002 Gesetzgebung
1515 2937 1640 2985 und
1676 2944 1922 3000 gesetz-

90 3013 301 3077 geben
321 3016 389 3064 dc
419 3018 671 3069 Gewalt
697 3021 773 3069 im
802 3020 1275 3085 griechischen
1304 3020 1922 3079 Altertl1ume.(Got-

87 3098 252 3161 tingae
284 3098 459 3157 1849.)

867 3197 965 3249 Ad
1001 3198 1143 3250 163.

229 3305 391 3364 Quum
433 3305 596 3368 populi
636 3307 894 3356 multitudo
935 3326 1117 3374 magna
1157 3316 1283 3357 esset
1323 3324 1568 3373 saepeque
1596 3306 1918 3373 deciperetur,

89 3404 186 3434 nou
216 3386 635 3436 animadvertens.
680 3390 875 3438 frausne
903 3392 1067 3455 aliqua
1094 3392 1143 3439 in
1174 3391 1369 3439 decreto
1397 3391 1592 3439 lateret.
1635 3390 1843 3454 primum
1871 3391 1918 3438 in
