2161 3673
172 253 206 299 8
893 256 974 287 ,105
998 251 1277 284 PUBLICUM.

1049 377 1128 425 ⁶20.

316 473 633 522 Plataeenses
660 470 756 516 sint
783 463 1106 515 Athenienses
1132 460 1195 510 ab
1222 460 1315 510 hae
1342 460 1446 520 die,
1485 457 1712 508 honorati
1750 462 1804 505 ut
1828 456 2016 521 reliqui

175 557 528 613 Athenienses,
579 560 628 602 et
669 552 740 599 ius
779 548 1019 603 habeant,
1069 562 1279 610 quorum
1318 542 1648 594 Athenienses
1687 540 1762 589 ius
1789 539 2000 596 habent,

175 640 387 689 onmium
415 644 462 686 et
487 651 735 685 sacrorum
761 638 809 679 et
834 629 1182 695 profanorum,
1223 634 1569 693 praeterquam
1607 625 1646 672 si
1689 623 1819 688 quod
1846 640 2003 672 saeer-

176 723 362 771 dotium
388 721 466 769 vel
492 716 779 768 sacrificium
807 711 1147 777 (mysterium)
1176 718 1250 760 est
1287 708 1613 774 gentilitium;
1651 723 1742 756 neo
1780 706 1878 755 sint
1902 707 2001 754 No-

177 822 286 852 vem
312 802 592 857 a1·elionteS‚
630 814 797 846 eorum
823 802 987 842 tamen
1014 794 1225 858 posteris
1257 800 1306 842 et
1331 792 1452 840 haec
1479 797 1692 855 pateant.
1745 790 2002 838 Plataeen-

177 904 252 934 ses
285 892 444 934 autem
474 883 523 930 in
562 880 728 928 (lemos
769 885 817 927 et
853 876 1010 926 tribus
1055 876 1435 936 distribuantur3
1474 880 1736 939 postquam
1762 891 1881 922 vero
1908 872 2004 920 dis-

177 968 342 1016 tributi
369 966 572 1024 fuerint,
610 981 671 1011 ne
698 962 783 1010 ulli
811 960 1177 1008 Plataeensium
1200 959 1345 1008 liceat
1372 958 1475 1007 fieri
1501 956 1883 1017 Atheniensem,
1911 954 2004 1004 nisi

176 1050 224 1099 id
251 1051 322 1097 ius
348 1066 376 1097 a
401 1047 587 1113 populo
616 1043 904 1096 Atheniensi
932 1049 1273 1106 consequatur.

1054 1149 1134 1198 21.

321 1234 418 1292 Τὰς
440 1236 537 1299 μέν
564 1230 719 1297 ἀρχὰς
746 1227 942 1287 ἁπάσας
968 1238 1071 1287 τοῖς
1099 1228 1331 1294 εὐπόροις
1360 1228 1642 1287 ἀπολιπεῖν,
1663 1226 1753 1288 τὴν
1780 1227 1823 1276 δ’
1851 1223 2008 1286 ἄλλην

171 1325 317 1385 μίξαι
345 1322 614 1368 πολιτείαν.
651 1317 848 1380 Λαβείν
876 1309 975 1363 οὖν
1000 1312 1060 1363 τά
1089 1313 1342 1378 τιμήματα
1370 1314 1473 1363 τῶν
1498 1315 1747 1371 πολιτῶν,
1774 1314 1864 1359 καὶ
1892 1308 2009 1366 τους

171 1406 268 1468 μὲν
289 1409 344 1453 ἐν
369 1409 530 1467 ξηροῖς
558 1395 692 1463 ὁμοῦ
717 1402 806 1446 καὶ
836 1393 1011 1466 ὑγροῖς
1032 1402 1188 1462 μέτρα
1217 1395 1525 1446 πεντακόσια
1553 1396 1844 1453 ποιοῦντας,
1874 1391 2008 1457 πρώ-

178 1506 291 1543 τους
331 1485 485 1542 εἶναι,
525 1487 613 1531 καὶ
660 1480 1241 1545 πεντακοσιομεδίμνους
1293 1479 1708 1548 προςαγορεύειν·
1750 1478 2008 1541 δευτέρους

180 1569 227 1618 δὲ
274 1567 393 1624 τούς
444 1571 600 1616 ἵππον
649 1571 849 1630 τρέφειν·
897 1564 1210 1626 δυναμένους
1250 1563 1278 1624 ἢ
1310 1569 1467 1630 μέτρα
1512 1571 1677 1613 ποιεῖν
1715 1560 2007 1627 τριακόσια·

179 1656 267 1700 καὶ
296 1650 507 1708 τούτους
535 1648 721 1698 ἱππάδα
749 1649 1020 1705 τελοῦντας
1059 1652 1253 1697 καλείν.
1306 1653 1544 1716 Ζευγῖται
1573 1646 1617 1696 δ’
1647 1649 1692 1695 οὶ
1720 1646 1816 1694 τοῦ
1839 1648 2012 1709 τρίτου

179 1734 446 1798 τιὶιιηιιιατος
475 1733 933 1796 ὀνομαζέσθωσαν,
965 1729 1037 1788 οἷς
1058 1736 1246 1796 μέτρον
1274 1737 1372 1781 ἐστι
1402 1735 1801 1796 συναμφοτέρων
1829 1728 2010 1776 διακοῃ

181 1821 315 1866 σίων.
370 1819 426 1865 Οἱ
458 1816 504 1865 δὲ
533 1820 698 1864 λοιποὶ
729 1813 906 1872 πάντες
933 1815 1219 1864 καλοῦνται
1254 1816 1399 1874 Θῆτες
1421 1855 1432 1873 ,
1475 1813 1547 1872 οἷς
1576 1813 1825 1878 οὐδεμίαν
1852 1809 2013 1876 ἀρχὴν

180 1905 350 1959 ἐξέστω
379 1896 581 1963 ἄρχειν,
623 1898 751 1948 ἀλλά
785 1900 853 1963 τῴ
883 1899 1335 1960 συνεκκλησιάζειν
1360 1903 1450 1948 καὶ
1479 1897 1705 1959 δικάζειν
1727 1896 1896 1961 μόνον
1918 1917 2010 1960 μμ

181 1987 376 2045 τέχουσι
407 1983 486 2042 τῆς
514 1987 776 2039 πολιτείας.

724 2068 858 2128 (Lex
886 2068 1082 2117 Solonis
1110 2069 1241 2134 apud
1268 2068 1515 2117 Plutarch.
1544 2067 1594 2116 in
1622 2066 1788 2116 Solon.
1822 2065 1942 2126 18.).

1059 2175 1138 2223 21.

321 2258 636 2321 Magistratus
664 2276 832 2307 omnes
861 2259 1094 2307 divitibus
1133 2258 1501 2323 relinquant-ur,
1541 2259 1730 2322 reliqua
1757 2275 1874 2306 vero
1902 2276 2016 2323 pars

181 2343 479 2408 reipublicae
519 2343 666 2390 etiam
710 2342 1010 2407 pauperibus
1064 2342 1333 2390 communis
1377 2343 1474 2390 fiat.
1538 2342 1829 2390 Instituatur
1867 2341 2017 2405 igitur

183 2443 353 2473 census
392 2425 595 2487 civium,
638 2434 685 2474 et
723 2427 803 2491 qui
849 2426 1096 2475 aridorum
1134 2427 1277 2475 simul
1316 2427 1707 2492 liquidorumque
1746 2428 2018 2477 medimnos

186 2508 476 2572 quingentos
504 2509 550 2555 in
578 2508 811 2557 reditibus
838 2508 1048 2569 habent,
1090 2510 1233 2574 primi
1273 2510 1370 2557 sint
1396 2510 1524 2558 inter
1551 2510 1709 2565 cives,
1762 2519 2017 2561 vocentur-

188 2608 277 2653 que
307 2591 839 2654 pentaeosiomedimni.
893 2590 1119 2640 Secundo
1148 2592 1257 2640 1000
1286 2592 1400 2652 sint,
1432 2593 1512 2658 qui
1541 2608 1719 2658 equum
1746 2594 1876 2643 alere
1905 2613 2018 2660 pos-

187 2680 297 2721 sunt
322 2679 403 2720 aut
430 2675 702 2724 medimnos
730 2676 974 2723 fruetuum
1002 2682 1249 2729 trecentos
1277 2676 1581 2741 pereipiunt3
1609 2676 1753 2741 hique
1781 2679 2019 2743 equestris

187 2772 359 2805 census
385 2756 604 2805 homines
632 2759 958 2824 appellentur.
993 2759 1162 2808 Tertio
1189 2759 1355 2807 censui
1375 2759 1551 2824 jugum
1579 2761 1816 2809 alentium
1842 2761 1904 2810 sit
1931 2780 2018 2810 no-

188 2856 316 2899 men,
333 2838 506 2902 quibus
534 2848 643 2889 sunt
670 2842 864 2890 ducenti
891 2842 1125 2890 medimni
1152 2843 1402 2908 utriusque
1430 2845 1611 2908 speciei
1639 2844 1780 2893 simul
1796 2852 2018 2910 sumptae

189 2923 315 2981 (tam
342 2920 587 2969 aridorum
617 2941 760 2986 quani
788 2924 1089 2984 fluidorum).
1131 2926 1323 2990 Reliqui
1353 2943 1522 2974 omnes
1549 2928 1708 2992 capite
1737 2929 1868 2976 censi
1896 2946 2018 2976 nun-

188 3011 456 3070 cupantur,
499 3005 674 3068 quibus
710 3009 896 3056 nullum
936 3009 1080 3057 liceat
1111 3009 1455 3072 magistratum
1480 3027 1679 3073 gerere,
1717 3010 1802 3059 sed
1830 3018 2020 3059 tantum

189 3087 248 3136 ad
277 3087 538 3136 conc-iones
565 3095 613 3135 et
638 3089 814 3139 iudicia
840 3091 1064 3154 admissi,
1106 3093 1308 3141 veniant
1334 3092 1385 3142 in
1413 3100 1607 3158 partem
1634 3094 1946 3160 reipublicae.

325 3271 454 3322 Ἀπὸ
484 3271 716 3337 τιμήσεως
743 3273 872 3323 εἶναι
900 3276 955 3327 τὸ
980 3281 1274 3342 πολίτευμα,
1304 3283 1391 3327 καὶ
1421 3279 1538 3337 τούς
1558 3282 1656 3344 μὲν
1682 3285 2019 3343 κεκτημένους

192 3360 339 3406 πλείω
381 3356 623 3422 δραχμῶν
663 3356 922 3418 δισχιλίων
971 3365 1179 3426 κυρίους
1226 3360 1353 3410 εἶναι
1396 3363 1485 3411 τού
1526 3359 1886 3426 πολιτεύματος
1926 3369 2019 3414 καὶ
