2114 3642
149 227 248 275 592
751 241 1161 275 COMMENTARIUS
1189 241 1256 272 Αυ
1288 236 1392 273 1280.

292 370 370 419 11.
411 367 663 423 Αἰνιᾶνες.

666 452 679 509 S
715 446 726 461 ‘
744 446 1113 511 Υποκνημίδιοι

293 489 369 538 12·
409 488 610 549 Λοκροί
665 524 677 583 l
716 516 986 583 ςΕσπέριοι.

292 609 418 656 Hinc
437 608 543 671 jam
571 612 735 671 potest
771 606 952 669 corrigi
981 604 1239 654 Aeschinis
1278 606 1415 654 locus
1454 607 1524 664 (D
1542 622 1566 653 e
1607 624 1652 653 m
1670 607 1727 655 al
1745 624 1768 654 e
1807 614 1995 669 gesta

146 693 340 754 legat.
383 687 424 753 ξ.
459 689 597 747 116).
651 690 739 739 Ille
780 690 978 755 proprie
1018 689 1214 737 nonnisi
1254 691 1480 738 undecim
1525 698 1745 738 recenset
1772 689 1992 755 populos,

145 774 366 838 quamvis
406 772 538 820 dicat
576 790 659 821 eos
701 790 905 822 numero
933 772 1187 821 duodecim
1217 773 1383 822 fuisse.
1436 773 1512 822 Ad
1542 773 1838 838 explendam
1866 773 1993 821 hanc

144 857 394 914 lacunam,
436 855 647 903 editores
676 855 965 904 addiderunt
1003 856 1142 903 uncis
1169 856 1385 904 inclusos
1413 858 1718 921 Dolopas.
1771 855 1897 904 Cum
1923 864 1996 904 ta-

145 956 256 986 men
285 938 332 986 hi
361 956 385 986 e
413 940 662 988 sententia
689 939 749 988 W
767 957 791 987 e
809 958 829 987 s
846 957 871 987 c
888 940 959 988 he
976 940 1025 987 ri
1058 940 1147 988 sub
1178 938 1471 988 Perrhaebis
1499 937 1995 1005 comprehendantur,

145 1022 293 1070 tutius
323 1022 518 1070 videtur
547 1040 679 1081 esse,
722 1023 772 1071 in
799 1023 955 1070 vicem
985 1022 1157 1070 horum
1183 1024 1227 1070 D
1248 1023 1301 1070 el
1322 1042 1350 1087 p
1370 1022 1399 1069 h
1417 1040 1444 1069 o
1462 1041 1483 1069 s
1511 1024 1738 1071 inserere.

285 1117 426 1183 Opus
467 1118 717 1167 Wescheri
758 1118 1074 1166 inscribitur:
1130 1101 1337 1166 ffitude
1378 1136 1485 1167 sur
1525 1120 1580 1167 le
1621 1125 1996 1166 monument

143 1200 451 1264 bilingue
504 1201 576 1250 de
630 1202 954 1267 DelpheS,
1020 1202 1234 1249 suivie
1285 1202 1328 1251 d'
1372 1203 1997 1251 eclaircissements

142 1285 332 1333 surla
358 1284 768 1334 decouverte
797 1285 873 1333 du
901 1285 1379 1347 muroriental,
1422 1304 1576 1335 avec
1616 1287 1673 1334 le
1712 1292 1896 1335 texte
1924 1284 1995 1332 de

143 1369 478 1433 plusieurs
534 1370 982 1434 inscriptions
1042 1369 1334 1418 inedites
1386 1371 1714 1419 relatives
1766 1374 1790 1416 a
1844 1369 1870 1416 l'
1912 1367 1992 1415 hi-

141 1452 347 1499 stoire
389 1451 496 1499 des
540 1451 1038 1518 Amphictyons.
1081 1452 1218 1500 Paris
1252 1453 1401 1501 1865.

285 1547 556 1612 Postquam
586 1549 869 1606 Phocenses
909 1550 1149 1614 templum
1190 1549 1521 1614 diripuerunt,
1566 1549 1824 1598 decennali
1865 1547 1994 1596 bello

141 1630 375 1691 confecto,
404 1632 728 1679 mutationem
757 1632 926 1687 sensit,
954 1640 1006 1678 ut
1033 1633 1203 1680 scribit
1231 1632 1359 1680 Pau
1378 1651 1398 1679 s
1416 1633 1600 1681 anias
1630 1633 1719 1692 (X,
1738 1632 1784 1690 8,
1812 1632 1994 1690 2-m5),

142 1713 562 1778 Amphictyonum
591 1715 752 1774 curia,
796 1714 1036 1780 siquidem
1067 1713 1360 1763 Macedones
1389 1714 1551 1763 locum
1579 1717 1628 1763 in
1657 1733 1714 1764 ea
1741 1724 1854 1764 sunt
1880 1715 1993 1763 ade-

141 1799 228 1862 pti,
256 1799 583 1847 Phocensium
612 1815 729 1846 vero
756 1799 889 1846 natio
918 1806 965 1845 et
993 1816 1017 1845 e
1042 1799 1224 1846 Dorico
1253 1799 1451 1846 nomine
1481 1797 1854 1846 Lacedaemonii
1883 1805 1996 1846 sunt

142 1882 313 1931 ordine
343 1883 487 1944 moti;
527 1882 594 1929 illi
638 1883 701 1929 ob
743 1882 1009 1931 admissum
1048 1883 1391 1946 sacrilegium,
1435 1883 1481 1931 hi
1521 1882 1651 1947 quod
1691 1900 1835 1947 opem
1865 1881 1994 1929 Pho·

142 1966 371 2015 censibus
399 1966 639 2013 tulissent.
693 1964 880 2013 Verum
922 1983 1071 2030 quum
1101 1966 1233 2014 Galli
1274 1966 1395 2015 duce
1433 1967 1630 2015 Brenno
1660 1966 1883 2032 Delphos
1911 1965 1994 2013 ad-

143 2050 235 2097 orti
262 2049 496 2110 fuissent,
537 2066 654 2113 prae
694 2051 883 2098 cunctis
925 2049 1130 2098 Graecis
1161 2050 1443 2098 Phocenses
1477 2058 1673 2099 strenue
1702 2068 1803 2098 rem
1828 2067 1994 2113 gesse-

144 2140 281 2194 runt3
321 2150 472 2197 quare
516 2133 930 2198 Amphictyoniae
971 2133 1135 2181 denuo
1175 2134 1336 2182 socios
1377 2151 1481 2182 esse
1523 2141 1668 2198 atque
1708 2134 1756 2180 in
1798 2134 1994 2198 reliquis

143 2216 400 2280 pristinam
430 2216 485 2264 iis
514 2216 722 2280 contigit
749 2233 1040 2281 recuperare
1069 2217 1373 2282 dignitatem.
1416 2217 1672 2280 Augustus
1701 2217 1878 2266 deinde
1906 2218 1992 2265 im-

145 2306 340 2363 perator
367 2299 725 2364 Nicopolitanis
754 2301 901 2349 etiam
935 2301 1017 2365 qui
1046 2301 1107 2350 ad
1136 2301 1330 2350 Actium
1361 2309 1503 2361 sunt,
1546 2302 1707 2348 locum
1737 2317 1842 2348 esse
1871 2301 1997 2347 inter

146 2383 537 2448 Amphictyones
581 2385 762 2446 voluit3
814 2385 1072 2448 Magnetas
1111 2387 1286 2449 igitur,
1329 2386 1617 2443 Malienses,
1661 2383 1909 2432 Aenianas
1950 2393 1997 2431 et

146 2465 401 2516 Phthiotas
429 2467 741 2516 contribuere
769 2485 820 2515 se
851 2467 1122 2525 Thessalis,
1166 2469 1406 2533 suffragia
1432 2486 1549 2516 vero
1578 2485 1702 2533 quae
1731 2467 1921 2516 illorum
1949 2474 1997 2514 et

147 2550 394 2614 Dolopum
432 2551 629 2600 fuerant
669 2551 950 2611 (interierat
977 2552 1105 2599 enim
1125 2553 1232 2617 jam
1259 2553 1513 2617 Dolopum
1539 2553 1717 2615 gens),
1758 2551 1821 2599 ad
1850 2551 1994 2599 Nico-

149 2633 393 2695 politanos
420 2636 687 2684 transferre
710 2636 867 2700 jussit.
909 2636 1131 2683 Fuerunt
1158 2643 1318 2684 aetate
1349 2653 1458 2684 mea
1485 2635 1875 2700 Amphictyones
1904 2652 1991 2682 nu-

150 2732 283 2764 mero
313 2718 528 2781 triginta.
561 2719 861 2784 ANicopoli,
891 2720 1185 2773 Macedonia
1211 2728 1258 2768 et
1275 2720 1525 2769 Thessalis
1554 2720 1683 2778 seni3
1711 2736 1769 2767 ex
1799 2718 1996 2766 Boeotis

151 2815 289 2858 vero,
331 2800 669 2850 Phocensibus
699 2811 746 2850 et
773 2802 980 2867 Delphis
1006 2802 1136 2864 bini;
1179 2821 1301 2851 unus
1338 2821 1397 2851 ex
1440 2811 1602 2851 vetere
1636 2804 1817 2851 Dorica
1852 2809 1994 2850 terra.

151 2879 349 2928 Mittunt
376 2893 633 2946 praeterea
662 2886 830 2946 Locri,
861 2886 941 2949 qui
971 2886 1154 2933 Ozolae
1184 2886 1527 2951 appellantur,
1557 2894 1604 2934 et
1631 2887 1712 2950 qui
1741 2903 1764 2933 e
1793 2887 1992 2948 regione

152 2963 386 3011 Euboeae
415 2976 551 3028 sunt,
595 2986 744 3016 unum
773 2970 978 3032 utrique.
1034 2968 1175 3016 Unus
1211 2969 1525 3017 Euboeensis.
1582 2969 1619 3017 E
1649 2969 1994 3033 Peloponneso

150 3046 213 3094 ab
242 3045 411 3109 Argis,
452 3047 688 3113 Sicyone,
731 3050 973 3100 Corintho
1013 3060 1060 3098 et
1086 3052 1300 3114 Megaris
1343 3070 1493 3110 unus,
1536 3053 1651 3100 item
1690 3069 1815 3099 unus
1846 3050 1992 3099 Athe-

151 3129 347 3177 niensis.
404 3128 624 3180 Athenae
653 3135 864 3199 quidem,
893 3135 1076 3200 Delphi
1112 3144 1159 3182 et
1188 3136 1440 3200 Nicopolis
1469 3153 1639 3183 omnes
1668 3134 1851 3182 obeunt
1879 3132 2011 3182 Am-'

150 3213 471 3277 phictyonum
499 3226 795 3280 conventus;
825 3235 883 3268 ex
912 3220 1086 3267 ceteris
1115 3226 1277 3266 autem
1308 3219 1502 3284 populis
1531 3237 1619 3283 per
1646 3218 1776 3265 vices
1805 3226 1851 3266 et
1866 3226 1993 3266 stato

150 3297 387 3362 temporis
427 3296 688 3348 intervallo
728 3303 950 3365 singulae
987 3303 1135 3351 urbes
1174 3303 1223 3349 in
1258 3302 1672 3368 Amphictyonum
1706 3318 1993 3350 consessum

151 3379 466 3429 conveniunt.
