<?xml version="1.0" encoding="UTF-8"?>
<!DOCTYPE html PUBLIC "-//W3C//DTD XHTML 1.0 Transitional//EN"
    "http://www.w3.org/TR/xhtml1/DTD/xhtml1-transitional.dtd">
<html xmlns="http://www.w3.org/1999/xhtml" xml:lang="en" lang="en">
 <head>
  <title>
</title>
<meta http-equiv="Content-Type" content="text/html;charset=utf-8" />
  <meta name='ocr-system' content='tesseract 3.04.00' />
  <meta name='ocr-capabilities' content='ocr_page ocr_carea ocr_par ocr_line ocrx_word'/>
</head>
<body>
  <div class='ocr_page' id='page_1' title='image "./synaggtnattiknno00tluoft_0187.png"; bbox 0 0 2161 3673; ppageno 0'>
   <div class='ocr_carea' id='block_1_1' title="bbox 734 198 1890 250">
    <p class='ocr_par' dir='ltr' id='par_1_1' title="bbox 734 198 1890 250">
     <span class='ocr_line' id='line_1_1' title="bbox 734 198 1890 250; baseline -0.001 -2"><span class='ocrx_word' id='word_1_1' title='bbox 734 216 978 250; x_wconf 84' lang='lat' dir='ltr'>COGNITIO</span> <span class='ocrx_word' id='word_1_2' title='bbox 1007 214 1214 248; x_wconf 83' lang='lat' dir='ltr'><strong>CAUSAE.</strong></span> <span class='ocrx_word' id='word_1_3' title='bbox 1794 198 1890 248; x_wconf 87' lang='lat'>161</span> 
     </span>
    </p>
   </div>
   <div class='ocr_carea' id='block_1_2' title="bbox 47 343 1896 846">
    <p class='ocr_par' dir='ltr' id='par_1_2' title="bbox 915 343 1032 393">
     <span class='ocr_line' id='line_1_2' title="bbox 915 343 1032 393; baseline 0.026 -3"><span class='ocrx_word' id='word_1_4' title='bbox 915 343 1032 393; x_wconf 87' lang='grc'><strong>655.</strong></span> 
     </span>
    </p>

    <p class='ocr_par' dir='ltr' id='par_1_3' title="bbox 47 432 1896 756">
     <span class='ocr_line' id='line_1_3' title="bbox 198 432 1893 500; baseline 0 -16"><span class='ocrx_word' id='word_1_5' title='bbox 198 437 329 500; x_wconf 81' lang='grc' dir='ltr'><em>Περὶ</em></span> <span class='ocrx_word' id='word_1_6' title='bbox 363 432 535 500; x_wconf 81' lang='grc' dir='ltr'><em>μόνου</em></span> <span class='ocrx_word' id='word_1_7' title='bbox 573 434 665 485; x_wconf 82' lang='grc' dir='ltr'>τοῦ</span> <span class='ocrx_word' id='word_1_8' title='bbox 708 434 936 500; x_wconf 81' lang='grc' dir='ltr'><em>σώματος</em></span> <span class='ocrx_word' id='word_1_9' title='bbox 972 436 1077 486; x_wconf 72' lang='grc' dir='ltr'>τῶν</span> <span class='ocrx_word' id='word_1_10' title='bbox 1118 433 1445 500; x_wconf 79' lang='grc' dir='ltr'><em>ἀδικημάτων</em></span> <span class='ocrx_word' id='word_1_11' title='bbox 1481 438 1573 484; x_wconf 85' lang='grc' dir='ltr'><em>καὶ</em></span> <span class='ocrx_word' id='word_1_12' title='bbox 1616 434 1762 492; x_wconf 82' lang='grc' dir='ltr'><em>δίκας</em></span> <span class='ocrx_word' id='word_1_13' title='bbox 1801 439 1893 484; x_wconf 81' lang='grc' dir='ltr'><em>καὶ</em></span> 
     </span>
     <span class='ocr_line' id='line_1_4' title="bbox 54 514 1895 587; baseline 0.001 -21"><span class='ocrx_word' id='word_1_14' title='bbox 54 517 253 586; x_wconf 77' lang='grc' dir='ltr'><em>γραφὰς</em></span> <span class='ocrx_word' id='word_1_15' title='bbox 291 514 416 568; x_wconf 69' lang='grc' dir='ltr'><em>ἄνευ</em></span> <span class='ocrx_word' id='word_1_16' title='bbox 453 520 882 586; x_wconf 79' lang='grc' dir='ltr'><em>παρακαταβολῆς</em></span> <span class='ocrx_word' id='word_1_17' title='bbox 927 528 1119 580; x_wconf 75' lang='grc' dir='ltr'><em>ποιεῖν,</em></span> <span class='ocrx_word' id='word_1_18' title='bbox 1161 522 1228 570; x_wconf 74' lang='grc' dir='ltr'>ἰ“ν’</span> <span class='ocrx_word' id='word_1_19' title='bbox 1270 518 1402 577; x_wconf 80' lang='grc' dir='ltr'><em>ὅπως</em></span> <span class='ocrx_word' id='word_1_20' title='bbox 1430 516 1496 569; x_wconf 73' lang='grc' dir='ltr'>ἂν</span> <span class='ocrx_word' id='word_1_21' title='bbox 1521 524 1733 575; x_wconf 74' lang='grc' dir='ltr'><em>ἕκαστος</em></span> <span class='ocrx_word' id='word_1_22' title='bbox 1770 539 1895 587; x_wconf 77' lang='grc' dir='ltr'><em>τυγ-</em></span> 
     </span>
     <span class='ocr_line' id='line_1_5' title="bbox 47 599 1896 669; baseline 0.002 -20"><span class='ocrx_word' id='word_1_23' title='bbox 47 599 187 664; x_wconf 77' lang='grc' dir='ltr'><em>χάνῃ</em></span> <span class='ocrx_word' id='word_1_24' title='bbox 227 600 506 667; x_wconf 82' lang='grc' dir='ltr'><em>δυνάμενος</em></span> <span class='ocrx_word' id='word_1_25' title='bbox 544 606 635 652; x_wconf 81' lang='grc' dir='ltr'><em>καὶ</em></span> <span class='ocrx_word' id='word_1_26' title='bbox 674 602 1019 669; x_wconf 77' lang='grc' dir='ltr'><em>βουλόμενος,</em></span> <span class='ocrx_word' id='word_1_27' title='bbox 1074 600 1234 660; x_wconf 78' lang='grc' dir='ltr'><em>οὕτως</em></span> <span class='ocrx_word' id='word_1_28' title='bbox 1275 606 1365 667; x_wconf 66' lang='grc' dir='ltr'>ἔχῃ</span> <span class='ocrx_word' id='word_1_29' title='bbox 1405 607 1736 669; x_wconf 76' lang='grc' dir='ltr'><em>τιμωρεῖσθαι</em></span> <span class='ocrx_word' id='word_1_30' title='bbox 1775 601 1896 659; x_wconf 77' lang='grc' dir='ltr'>τούς</span> 
     </span>
     <span class='ocr_line' id='line_1_6' title="bbox 55 683 1752 756; baseline 0.004 -23"><span class='ocrx_word' id='word_1_31' title='bbox 55 683 382 742; x_wconf 83' lang='grc' dir='ltr'><em>ἀδικοῦντας.</em></span> <span class='ocrx_word' id='word_1_32' title='bbox 991 691 1215 751; x_wconf 85' lang='lat' dir='ltr'>(Isocrat.</span> <span class='ocrx_word' id='word_1_33' title='bbox 1244 708 1282 740; x_wconf 89' lang='lat' dir='ltr'>c.</span> <span class='ocrx_word' id='word_1_34' title='bbox 1310 690 1580 740; x_wconf 87' lang='lat' dir='ltr'>Lochitem.</span> <span class='ocrx_word' id='word_1_35' title='bbox 1608 686 1651 756; x_wconf 71' lang='grc' dir='ltr'><strong>ξ.</strong></span> <span class='ocrx_word' id='word_1_36' title='bbox 1679 690 1752 750; x_wconf 83' lang='grc'><strong>2.)</strong></span> 
     </span>
    </p>

    <p class='ocr_par' dir='ltr' id='par_1_4' title="bbox 912 797 1028 846">
     <span class='ocr_line' id='line_1_7' title="bbox 912 797 1028 846; baseline 0.009 -1"><span class='ocrx_word' id='word_1_37' title='bbox 912 797 1028 846; x_wconf 89' lang='grc'><strong>655.</strong></span> 
     </span>
    </p>
   </div>
   <div class='ocr_carea' id='block_1_3' title="bbox 52 892 1894 1124">
    <p class='ocr_par' dir='ltr' id='par_1_5' title="bbox 52 892 1894 1124">
     <span class='ocr_line' id='line_1_8' title="bbox 194 892 1894 959; baseline 0.001 -19"><span class='ocrx_word' id='word_1_38' title='bbox 194 892 269 940; x_wconf 91' lang='lat' dir='ltr'>De</span> <span class='ocrx_word' id='word_1_39' title='bbox 297 892 403 941; x_wconf 89' lang='lat' dir='ltr'>sola</span> <span class='ocrx_word' id='word_1_40' title='bbox 428 892 609 958; x_wconf 89' lang='lat' dir='ltr'>injuria</span> <span class='ocrx_word' id='word_1_41' title='bbox 634 892 854 958; x_wconf 86' lang='lat' dir='ltr'>corporis</span> <span class='ocrx_word' id='word_1_42' title='bbox 881 899 983 942; x_wconf 82' lang='lat' dir='ltr'>tum</span> <span class='ocrx_word' id='word_1_43' title='bbox 1022 893 1246 959; x_wconf 88' lang='lat' dir='ltr'>privatae</span> <span class='ocrx_word' id='word_1_44' title='bbox 1286 899 1391 941; x_wconf 89' lang='lat' dir='ltr'>tum</span> <span class='ocrx_word' id='word_1_45' title='bbox 1423 892 1648 958; x_wconf 86' lang='lat' dir='ltr'>publicae</span> <span class='ocrx_word' id='word_1_46' title='bbox 1676 892 1894 942; x_wconf 80' lang='lat' dir='ltr'>actiones</span> 
     </span>
     <span class='ocr_line' id='line_1_9' title="bbox 52 975 1889 1042; baseline 0.001 -19"><span class='ocrx_word' id='word_1_47' title='bbox 52 975 153 1024; x_wconf 91' lang='lat' dir='ltr'>sine</span> <span class='ocrx_word' id='word_1_48' title='bbox 181 975 498 1041; x_wconf 83' lang='lat' dir='ltr'>stipulatione</span> <span class='ocrx_word' id='word_1_49' title='bbox 527 983 699 1038; x_wconf 78' lang='lat' dir='ltr'>sunto,</span> <span class='ocrx_word' id='word_1_50' title='bbox 740 984 793 1023; x_wconf 91' lang='lat' dir='ltr'>ut</span> <span class='ocrx_word' id='word_1_51' title='bbox 818 976 1104 1042; x_wconf 85' lang='lat' dir='ltr'>unicuique,</span> <span class='ocrx_word' id='word_1_52' title='bbox 1146 977 1270 1024; x_wconf 87' lang='lat' dir='ltr'>sicut</span> <span class='ocrx_word' id='word_1_53' title='bbox 1297 976 1416 1024; x_wconf 87' lang='lat' dir='ltr'>velit</span> <span class='ocrx_word' id='word_1_54' title='bbox 1443 984 1490 1024; x_wconf 91' lang='lat' dir='ltr'>et</span> <span class='ocrx_word' id='word_1_55' title='bbox 1517 977 1698 1042; x_wconf 79' lang='lat' dir='ltr'>possit,</span> <span class='ocrx_word' id='word_1_56' title='bbox 1727 977 1794 1026; x_wconf 88' lang='lat' dir='ltr'>sic</span> <span class='ocrx_word' id='word_1_57' title='bbox 1819 976 1889 1024; x_wconf 89' lang='lat' dir='ltr'>ul-</span> 
     </span>
     <span class='ocr_line' id='line_1_10' title="bbox 54 1059 1040 1124; baseline 0.001 -17"><span class='ocrx_word' id='word_1_58' title='bbox 54 1059 166 1107; x_wconf 89' lang='lat' dir='ltr'>cisci</span> <span class='ocrx_word' id='word_1_59' title='bbox 193 1059 339 1109; x_wconf 90' lang='lat' dir='ltr'>liceat</span> <span class='ocrx_word' id='word_1_60' title='bbox 365 1076 477 1121; x_wconf 78' lang='lat' dir='ltr'>eos,</span> <span class='ocrx_word' id='word_1_61' title='bbox 518 1076 546 1107; x_wconf 89' lang='lat' dir='ltr'>a</span> <span class='ocrx_word' id='word_1_62' title='bbox 573 1059 749 1124; x_wconf 89' lang='lat' dir='ltr'>quibus</span> <span class='ocrx_word' id='word_1_63' title='bbox 777 1059 839 1107; x_wconf 87' lang='lat' dir='ltr'>sit</span> <span class='ocrx_word' id='word_1_64' title='bbox 864 1060 1040 1108; x_wconf 85' lang='lat' dir='ltr'>laesus.</span> 
     </span>
    </p>
   </div>
   <div class='ocr_carea' id='block_1_4' title="bbox 754 1245 1186 1389">
    <p class='ocr_par' dir='ltr' id='par_1_6' title="bbox 754 1245 1186 1389">
     <span class='ocr_line' id='line_1_11' title="bbox 849 1245 1095 1306; baseline 0 -17"><span class='ocrx_word' id='word_1_65' title='bbox 849 1245 999 1306; x_wconf 79' lang='grc' dir='ltr'><em>Μέρος</em></span> <span class='ocrx_word' id='word_1_66' title='bbox 1032 1246 1095 1297; x_wconf 87' lang='grc' dir='ltr'>ς’.</span> 
     </span>
     <span class='ocr_line' id='line_1_12' title="bbox 754 1326 1186 1389; baseline -0.005 -16"><span class='ocrx_word' id='word_1_67' title='bbox 754 1326 1186 1389; x_wconf 82' lang='grc' dir='ltr'><em>Ἀνάκρισις.</em></span> 
     </span>
    </p>
   </div>
   <div class='ocr_carea' id='block_1_5' title="bbox 860 1487 1075 1529">
    <p class='ocr_par' dir='ltr' id='par_1_7' title="bbox 860 1487 1075 1529">
     <span class='ocr_line' id='line_1_13' title="bbox 860 1487 1075 1529; baseline 0.005 -1"><span class='ocrx_word' id='word_1_68' title='bbox 860 1487 1003 1529; x_wconf 86' lang='lat' dir='ltr'>Pars</span> <span class='ocrx_word' id='word_1_69' title='bbox 1036 1489 1075 1529; x_wconf 87' lang='grc'>6.</span> 
     </span>
    </p>
   </div>
   <div class='ocr_carea' id='block_1_6' title="bbox 638 1571 1303 1626">
    <p class='ocr_par' dir='ltr' id='par_1_8' title="bbox 638 1571 1303 1626">
     <span class='ocr_line' id='line_1_14' title="bbox 638 1571 1303 1626; baseline -0.003 -13"><span class='ocrx_word' id='word_1_70' title='bbox 638 1571 973 1626; x_wconf 83' lang='lat' dir='ltr'>Cognitio</span> <span class='ocrx_word' id='word_1_71' title='bbox 1035 1585 1303 1613; x_wconf 82' lang='lat' dir='ltr'>causae.</span> 
     </span>
    </p>
   </div>
   <div class='ocr_carea' id='block_1_7' title="bbox 54 1768 1890 2213">
    <p class='ocr_par' dir='ltr' id='par_1_9' title="bbox 54 1768 1890 2013">
     <span class='ocr_line' id='line_1_15' title="bbox 188 1768 1889 1841; baseline -0.001 -19"><span class='ocrx_word' id='word_1_72' title='bbox 188 1771 585 1839; x_wconf 80' lang='grc' dir='ltr'><em>Ἀνάκρισίς</em></span> <span class='ocrx_word' id='word_1_73' title='bbox 622 1779 758 1824; x_wconf 75' lang='grc' dir='ltr'><em>ἐστιν</em></span> <span class='ocrx_word' id='word_1_74' title='bbox 795 1779 1008 1834; x_wconf 75' lang='grc' dir='ltr'><em>ἐξέτασις</em></span> <span class='ocrx_word' id='word_1_75' title='bbox 1057 1769 1151 1837; x_wconf 72' lang='grc' dir='ltr'>ὑφ’</span> <span class='ocrx_word' id='word_1_76' title='bbox 1204 1771 1412 1833; x_wconf 73' lang='grc' dir='ltr'><em>ἑκάστης</em></span> <span class='ocrx_word' id='word_1_77' title='bbox 1457 1768 1612 1838; x_wconf 68' lang='grc' dir='ltr'><em>ἀρχῆς</em></span> <span class='ocrx_word' id='word_1_78' title='bbox 1648 1773 1889 1841; x_wconf 76' lang='grc' dir='ltr'><em>γινομένη</em></span> 
     </span>
     <span class='ocr_line' id='line_1_16' title="bbox 54 1853 1890 1925; baseline -0.001 -20"><span class='ocrx_word' id='word_1_79' title='bbox 54 1854 147 1922; x_wconf 87' lang='grc' dir='ltr'>πρὸ</span> <span class='ocrx_word' id='word_1_80' title='bbox 173 1856 277 1906; x_wconf 75' lang='grc' dir='ltr'>τῶν</span> <span class='ocrx_word' id='word_1_81' title='bbox 310 1856 473 1908; x_wconf 82' lang='grc' dir='ltr'><em>δικῶν</em></span> <span class='ocrx_word' id='word_1_82' title='bbox 511 1862 619 1924; x_wconf 77' lang='grc' dir='ltr'><em>περὶ</em></span> <span class='ocrx_word' id='word_1_83' title='bbox 657 1859 761 1909; x_wconf 73' lang='grc' dir='ltr'>τῶν</span> <span class='ocrx_word' id='word_1_84' title='bbox 802 1857 1170 1909; x_wconf 81' lang='grc' dir='ltr'><em>συντεινόντων</em></span> <span class='ocrx_word' id='word_1_85' title='bbox 1207 1860 1275 1913; x_wconf 84' lang='grc' dir='ltr'>εἰς</span> <span class='ocrx_word' id='word_1_86' title='bbox 1312 1856 1404 1907; x_wconf 85' lang='grc' dir='ltr'>τὸν</span> <span class='ocrx_word' id='word_1_87' title='bbox 1442 1854 1633 1925; x_wconf 74' lang='grc' dir='ltr'><em>ἀγῶνα.</em></span> <span class='ocrx_word' id='word_1_88' title='bbox 1679 1853 1890 1916; x_wconf 76' lang='grc' dir='ltr'><em>Ἐξετά-</em></span> 
     </span>
     <span class='ocr_line' id='line_1_17' title="bbox 54 1939 1749 2013; baseline 0.002 -23"><span class='ocrx_word' id='word_1_89' title='bbox 54 1945 192 2001; x_wconf 80' lang='grc' dir='ltr'><em>ζουσι</em></span> <span class='ocrx_word' id='word_1_90' title='bbox 223 1940 272 1991; x_wconf 81' lang='grc' dir='ltr'>δὲ</span> <span class='ocrx_word' id='word_1_91' title='bbox 299 1946 391 1991; x_wconf 78' lang='grc' dir='ltr'><em>καὶ</em></span> <span class='ocrx_word' id='word_1_92' title='bbox 417 1945 465 1991; x_wconf 77' lang='grc' dir='ltr'>εἰ</span> <span class='ocrx_word' id='word_1_93' title='bbox 489 1939 615 1999; x_wconf 85' lang='grc' dir='ltr'><em>ὅλως</em></span> <span class='ocrx_word' id='word_1_94' title='bbox 641 1941 865 2013; x_wconf 70' lang='grc' dir='ltr'><em>εἰσάγειν</em></span> <span class='ocrx_word' id='word_1_95' title='bbox 883 1940 998 2008; x_wconf 75' lang='grc' dir='ltr'>χρή.</span> <span class='ocrx_word' id='word_1_96' title='bbox 1350 1942 1749 2010; x_wconf 86' lang='lat' dir='ltr'>(Harpocratio.)</span> 
     </span>
    </p>

    <p class='ocr_par' dir='ltr' id='par_1_10' title="bbox 194 2144 1890 2213">
     <span class='ocr_line' id='line_1_18' title="bbox 194 2144 1890 2213; baseline 0.001 -18"><span class='ocrx_word' id='word_1_97' title='bbox 194 2144 423 2211; x_wconf 84' lang='lat' dir='ltr'>Cognitio</span> <span class='ocrx_word' id='word_1_98' title='bbox 450 2165 626 2197; x_wconf 86' lang='lat' dir='ltr'>causae</span> <span class='ocrx_word' id='word_1_99' title='bbox 665 2155 739 2197; x_wconf 87' lang='lat' dir='ltr'>est</span> <span class='ocrx_word' id='word_1_100' title='bbox 772 2147 1022 2213; x_wconf 86' lang='lat' dir='ltr'>inquisitio</span> <span class='ocrx_word' id='word_1_101' title='bbox 1061 2164 1207 2212; x_wconf 88' lang='lat' dir='ltr'>quam</span> <span class='ocrx_word' id='word_1_102' title='bbox 1246 2145 1424 2210; x_wconf 82' lang='lat' dir='ltr'>singuli</span> <span class='ocrx_word' id='word_1_103' title='bbox 1463 2146 1778 2210; x_wconf 80' lang='lat' dir='ltr'>magistratus</span> <span class='ocrx_word' id='word_1_104' title='bbox 1820 2146 1890 2196; x_wconf 86' lang='lat' dir='ltr'>fa-</span> 
     </span>
    </p>
   </div>
   <div class='ocr_carea' id='block_1_8' title="bbox 52 2230 1887 2381">
    <p class='ocr_par' dir='ltr' id='par_1_11' title="bbox 52 2230 1887 2381">
     <span class='ocr_line' id='line_1_19' title="bbox 52 2230 1887 2296; baseline -0.001 -18"><span class='ocrx_word' id='word_1_105' title='bbox 52 2230 186 2279; x_wconf 88' lang='lat' dir='ltr'>ciunt</span> <span class='ocrx_word' id='word_1_106' title='bbox 212 2238 324 2280; x_wconf 90' lang='lat' dir='ltr'>ante</span> <span class='ocrx_word' id='word_1_107' title='bbox 343 2231 531 2296; x_wconf 87' lang='lat' dir='ltr'>judicia</span> <span class='ocrx_word' id='word_1_108' title='bbox 568 2231 627 2280; x_wconf 91' lang='lat' dir='ltr'>de</span> <span class='ocrx_word' id='word_1_109' title='bbox 667 2232 812 2280; x_wconf 89' lang='lat' dir='ltr'>rebus</span> <span class='ocrx_word' id='word_1_110' title='bbox 852 2231 913 2280; x_wconf 87' lang='lat' dir='ltr'>ad</span> <span class='ocrx_word' id='word_1_111' title='bbox 940 2231 1078 2279; x_wconf 91' lang='lat' dir='ltr'>litem</span> <span class='ocrx_word' id='word_1_112' title='bbox 1104 2230 1482 2296; x_wconf 89' lang='lat' dir='ltr'>pertinentibus.</span> <span class='ocrx_word' id='word_1_113' title='bbox 1535 2230 1793 2295; x_wconf 84' lang='lat' dir='ltr'>Inquirunt</span> <span class='ocrx_word' id='word_1_114' title='bbox 1820 2237 1887 2278; x_wconf 88' lang='lat' dir='ltr'>et-</span> 
     </span>
     <span class='ocr_line' id='line_1_20' title="bbox 52 2311 1459 2381; baseline 0.001 -20"><span class='ocrx_word' id='word_1_115' title='bbox 52 2313 149 2362; x_wconf 88' lang='lat' dir='ltr'>iam</span> <span class='ocrx_word' id='word_1_116' title='bbox 174 2331 237 2363; x_wconf 86' lang='lat' dir='ltr'>an</span> <span class='ocrx_word' id='word_1_117' title='bbox 265 2315 462 2366; x_wconf 88' lang='lat' dir='ltr'>omnino</span> <span class='ocrx_word' id='word_1_118' title='bbox 490 2333 639 2365; x_wconf 89' lang='lat' dir='ltr'>causa</span> <span class='ocrx_word' id='word_1_119' title='bbox 665 2316 714 2364; x_wconf 91' lang='lat' dir='ltr'>in</span> <span class='ocrx_word' id='word_1_120' title='bbox 732 2315 974 2381; x_wconf 87' lang='lat' dir='ltr'>judicium</span> <span class='ocrx_word' id='word_1_121' title='bbox 1000 2311 1358 2364; x_wconf 77' lang='lat' dir='ltr'>introducenda</span> <span class='ocrx_word' id='word_1_122' title='bbox 1383 2314 1459 2363; x_wconf 88' lang='lat' dir='ltr'>sit.</span> 
     </span>
    </p>
   </div>
   <div class='ocr_carea' id='block_1_9' title="bbox 195 2423 1087 2583">
    <p class='ocr_par' dir='ltr' id='par_1_12' title="bbox 195 2423 1087 2583">
     <span class='ocr_line' id='line_1_21' title="bbox 909 2423 1025 2472; baseline 0.017 -2"><span class='ocrx_word' id='word_1_123' title='bbox 909 2423 1025 2472; x_wconf 81' lang='lat'>657.</span> 
     </span>
     <span class='ocr_line' id='line_1_22' title="bbox 195 2512 1087 2583; baseline 0.001 -21"><span class='ocrx_word' id='word_1_124' title='bbox 195 2517 384 2564; x_wconf 76' lang='grc' dir='ltr'><em>Καλεῖν</em></span> <span class='ocrx_word' id='word_1_125' title='bbox 410 2514 458 2564; x_wconf 81' lang='grc' dir='ltr'>δὲ</span> <span class='ocrx_word' id='word_1_126' title='bbox 489 2514 561 2564; x_wconf 85' lang='grc' dir='ltr'>δεῖ</span> <span class='ocrx_word' id='word_1_127' title='bbox 588 2518 657 2573; x_wconf 77' lang='grc' dir='ltr'>εἰς</span> <span class='ocrx_word' id='word_1_128' title='bbox 681 2513 774 2576; x_wconf 75' lang='grc' dir='ltr'>τήν</span> <span class='ocrx_word' id='word_1_129' title='bbox 800 2512 1087 2583; x_wconf 80' lang='grc' dir='ltr'><em>ἀνάκρισιν.</em></span> 
     </span>
    </p>
   </div>
   <div class='ocr_carea' id='block_1_10' title="bbox 895 2596 1743 2662">
    <p class='ocr_par' dir='ltr' id='par_1_13' title="bbox 895 2596 1743 2662">
     <span class='ocr_line' id='line_1_23' title="bbox 895 2596 1743 2662; baseline -0.007 -11"><span class='ocrx_word' id='word_1_130' title='bbox 895 2600 1176 2662; x_wconf 85' lang='lat' dir='ltr'>(Demosth.</span> <span class='ocrx_word' id='word_1_131' title='bbox 1204 2616 1243 2648; x_wconf 90' lang='lat' dir='ltr'>c.</span> <span class='ocrx_word' id='word_1_132' title='bbox 1273 2597 1536 2647; x_wconf 86' lang='lat' dir='ltr'>Theocrin.</span> <span class='ocrx_word' id='word_1_133' title='bbox 1566 2596 1743 2657; x_wconf 80' lang='lat'>1324.)</span> 
     </span>
    </p>
   </div>
   <div class='ocr_carea' id='block_1_11' title="bbox 55 2707 1881 3249">
    <p class='ocr_par' dir='ltr' id='par_1_14' title="bbox 55 2707 1881 3249">
     <span class='ocr_line' id='line_1_24' title="bbox 910 2707 1026 2756; baseline 0 0"><span class='ocrx_word' id='word_1_134' title='bbox 910 2707 1026 2756; x_wconf 83' lang='grc'><strong>657.</strong></span> 
     </span>
     <span class='ocr_line' id='line_1_25' title="bbox 197 2798 1730 2869; baseline -0.001 -17"><span class='ocrx_word' id='word_1_135' title='bbox 197 2803 409 2869; x_wconf 82' lang='lat' dir='ltr'>Oportet</span> <span class='ocrx_word' id='word_1_136' title='bbox 435 2809 595 2852; x_wconf 87' lang='lat' dir='ltr'>autem</span> <span class='ocrx_word' id='word_1_137' title='bbox 621 2801 890 2869; x_wconf 84' lang='lat' dir='ltr'>quemlibet</span> <span class='ocrx_word' id='word_1_138' title='bbox 915 2801 978 2852; x_wconf 86' lang='lat' dir='ltr'>ad</span> <span class='ocrx_word' id='word_1_139' title='bbox 1004 2801 1337 2866; x_wconf 82' lang='lat' dir='ltr'>cognitionem</span> <span class='ocrx_word' id='word_1_140' title='bbox 1364 2815 1539 2848; x_wconf 87' lang='lat' dir='ltr'>causae</span> <span class='ocrx_word' id='word_1_141' title='bbox 1568 2798 1730 2850; x_wconf 87' lang='lat' dir='ltr'>citare.</span> 
     </span>
     <span class='ocr_line' id='line_1_26' title="bbox 910 2915 1024 2962; baseline 0 0"><span class='ocrx_word' id='word_1_142' title='bbox 910 2915 1024 2962; x_wconf 84' lang='lat'><strong>658.</strong></span> 
     </span>
     <span class='ocr_line' id='line_1_27' title="bbox 184 2996 1881 3071; baseline -0.003 -15"><span class='ocrx_word' id='word_1_143' title='bbox 184 3002 352 3056; x_wconf 67' lang='lat' dir='ltr'>‘&#39;Ovow</span> <span class='ocrx_word' id='word_1_144' title='bbox 379 3001 406 3056; x_wconf 79' lang='grc' dir='ltr'>ὁ</span> <span class='ocrx_word' id='word_1_145' title='bbox 437 3003 637 3055; x_wconf 78' lang='grc' dir='ltr'><em>διώκων</em></span> <span class='ocrx_word' id='word_1_146' title='bbox 650 3008 720 3063; x_wconf 84' lang='grc' dir='ltr'>εἰς</span> <span class='ocrx_word' id='word_1_147' title='bbox 740 3004 831 3065; x_wconf 83' lang='grc' dir='ltr'>τὴν</span> <span class='ocrx_word' id='word_1_148' title='bbox 856 3003 1129 3071; x_wconf 76' lang='grc' dir='ltr'><em>ἀνάκρισιν</em></span> <span class='ocrx_word' id='word_1_149' title='bbox 1155 3000 1473 3067; x_wconf 81' lang='grc' dir='ltr'><em>καλούμενος</em></span> <span class='ocrx_word' id='word_1_150' title='bbox 1493 3000 1565 3067; x_wconf 79' lang='grc' dir='ltr'>μὴ</span> <span class='ocrx_word' id='word_1_151' title='bbox 1591 2996 1881 3066; x_wconf 67' lang='grc' dir='ltr'><em>ὑπακούσῃ,</em></span> 
     </span>
     <span class='ocr_line' id='line_1_28' title="bbox 55 3089 1741 3155; baseline -0.001 -16"><span class='ocrx_word' id='word_1_152' title='bbox 55 3097 157 3148; x_wconf 89' lang='grc' dir='ltr'><em>ταῖς</em></span> <span class='ocrx_word' id='word_1_153' title='bbox 176 3093 370 3155; x_wconf 76' lang='grc' dir='ltr'><em>χιλίαις</em></span> <span class='ocrx_word' id='word_1_154' title='bbox 396 3089 577 3153; x_wconf 73' lang='grc' dir='ltr'><em>ἔνοχός</em></span> <span class='ocrx_word' id='word_1_155' title='bbox 602 3094 749 3140; x_wconf 81' lang='grc' dir='ltr'><em>ἐστιν.</em></span> <span class='ocrx_word' id='word_1_156' title='bbox 887 3091 1168 3155; x_wconf 84' lang='lat' dir='ltr'>(Demosth.</span> <span class='ocrx_word' id='word_1_157' title='bbox 1198 3108 1236 3140; x_wconf 92' lang='lat' dir='ltr'>c.</span> <span class='ocrx_word' id='word_1_158' title='bbox 1265 3090 1529 3140; x_wconf 85' lang='lat' dir='ltr'>Theocrin.</span> <span class='ocrx_word' id='word_1_159' title='bbox 1559 3089 1741 3150; x_wconf 83' lang='lat'>1324.)</span> 
     </span>
     <span class='ocr_line' id='line_1_29' title="bbox 906 3201 1021 3249; baseline 0.009 -1"><span class='ocrx_word' id='word_1_160' title='bbox 906 3201 1021 3249; x_wconf 83' lang='lat'><strong>658.</strong></span> 
     </span>
    </p>
   </div>
   <div class='ocr_carea' id='block_1_12' title="bbox 197 3282 1878 3350">
    <p class='ocr_par' dir='ltr' id='par_1_15' title="bbox 197 3282 1878 3350">
     <span class='ocr_line' id='line_1_30' title="bbox 197 3282 1878 3350; baseline -0.002 -16"><span class='ocrx_word' id='word_1_161' title='bbox 197 3283 248 3334; x_wconf 83' lang='lat' dir='ltr'>Si</span> <span class='ocrx_word' id='word_1_162' title='bbox 273 3290 407 3334; x_wconf 85' lang='lat' dir='ltr'>actor</span> <span class='ocrx_word' id='word_1_163' title='bbox 432 3284 493 3334; x_wconf 85' lang='lat' dir='ltr'>ad</span> <span class='ocrx_word' id='word_1_164' title='bbox 520 3283 853 3348; x_wconf 84' lang='lat' dir='ltr'>cognitionem</span> <span class='ocrx_word' id='word_1_165' title='bbox 890 3299 1067 3333; x_wconf 85' lang='lat' dir='ltr'>causae</span> <span class='ocrx_word' id='word_1_166' title='bbox 1107 3282 1370 3332; x_wconf 88' lang='lat' dir='ltr'>accersitus</span> <span class='ocrx_word' id='word_1_167' title='bbox 1409 3299 1510 3334; x_wconf 90' lang='lat' dir='ltr'>non</span> <span class='ocrx_word' id='word_1_168' title='bbox 1536 3283 1878 3350; x_wconf 85' lang='lat' dir='ltr'>comparuerit,</span> 
     </span>
    </p>
   </div>
   <div class='ocr_carea' id='block_1_13' title="bbox 56 3365 1593 3490">
    <p class='ocr_par' dir='ltr' id='par_1_16' title="bbox 56 3365 1593 3490">
     <span class='ocr_line' id='line_1_31' title="bbox 56 3365 682 3418; baseline 0 -3"><span class='ocrx_word' id='word_1_169' title='bbox 56 3365 187 3416; x_wconf 87' lang='lat' dir='ltr'>mille</span> <span class='ocrx_word' id='word_1_170' title='bbox 213 3366 467 3418; x_wconf 83' lang='lat' dir='ltr'>drachmas</span> <span class='ocrx_word' id='word_1_171' title='bbox 494 3367 682 3418; x_wconf 87' lang='lat' dir='ltr'>debeat.</span> 
     </span>
     <span class='ocr_line' id='line_1_32' title="bbox 1546 3449 1593 3490; baseline 0.021 -1"><span class='ocrx_word' id='word_1_172' title='bbox 1546 3449 1593 3490; x_wconf 87' lang='lat'>11</span> 
     </span>
    </p>
   </div>
  </div>
 </body>
</html>
