2114 3642
133 162 234 211 552
675 167 1085 208 COMMENTARIUS
1114 165 1183 195 An
1213 162 1317 197 1056.
1349 162 1450 197 1057,

277 306 560 355 Secundum
589 298 811 351 Platonis
845 297 1007 358 Leges
1047 290 1194 353 (762,
1224 290 1405 351 A—B)
1447 309 1679 355 agrorum
1720 294 1982 357 magistros

138 385 285 449 (τούς
313 385 676 454 ἀγρονόμους),
718 382 757 429 si
785 378 903 445 quid
931 376 1176 425 incuriose
1204 375 1392 425 faciunt
1418 376 1468 423 in
1496 392 1605 436 eos,
1647 394 1767 441 quos
1795 384 1981 437 curant,

136 474 216 522 vel
254 490 457 521 munera
495 464 772 531 inaequalia
810 462 1131 527 injungentes
1171 460 1250 508 vel
1289 477 1481 508 sumere
1509 459 1691 525 aliquid
1718 467 1766 508 et
1792 460 1981 509 auferre

137 557 200 606 ab
226 556 310 616 iis,
349 554 429 619 qui
457 554 506 600 in
533 550 639 613 agri
667 547 858 596 cultura
885 550 1026 605 sunt,
1061 560 1171 592 cum
1197 561 1297 592 non
1326 543 1688 608 persvaserint,
1730 550 1982 604 conantes,

137 640 253 688 item
281 634 464 702 siquid
491 631 742 698 accipiunt
782 627 1016 678 adulandi
1055 644 1203 676 causa
1241 627 1463 676 oblatum
1501 626 1583 676 vel
1617 626 1764 674 etiam
1796 626 1986 691 judicia

138 722 316 786 injuste
366 719 681 783 dispensant,
732 712 982 762 blanditiis
1023 710 1281 772 cedentes,
1334 711 1529 776 probris
1569 710 1751 759 afficite
1786 710 1985 772 civitas,

137 806 433 868 reliquarum
459 807 625 848 autem
662 796 979 863 injuriarum,
1021 811 1141 859 quas
1182 795 1255 842 sui
1294 794 1389 842 loci
1428 794 1601 842 incolis
1641 793 1883 853 inferunt,
1924 793 1985 843 ad

139 888 318 935 minam
359 899 512 948 usque
555 880 686 947 apud
726 895 951 945 paganos
992 885 1039 926 et
1081 876 1270 925 vicinos
1301 876 1490 941 judicia
1531 894 1620 925 sua
1659 884 1831 942 sponte
1871 877 1983 925 sub-

140 977 316 1027 eunto,
357 968 417 1017 de
456 965 726 1032 majoribus
753 980 869 1011 vero
898 961 1172 1027 quibusque
1200 960 1390 1026 injuriis
1416 960 1493 1008 vel
1523 959 1668 1008 etiam
1698 960 1757 1008 de
1785 961 1984 1009 minori-

139 1056 258 1114 bus,
300 1053 339 1100 si
379 1050 557 1099 nolunt
592 1047 754 1096 subire
783 1044 1089 1094 confidentes
1121 1044 1223 1092 fore
1251 1051 1305 1091 ut
1331 1057 1536 1109 propter
1562 1051 1862 1092 menstruam
1893 1045 1986 1092 loci

141 1137 465 1185 mutationem
503 1150 716 1200 poenam
755 1129 987 1196 postulati
1029 1129 1295 1191 effugiant,
1335 1129 1384 1175 in
1412 1125 1768 1176 “connnunibus
1788 1127 1986 1194 judiciis

139 1221 273 1268 iitem
301 1218 527 1267 intendat
552 1216 734 1282 injuria
767 1215 1000 1274 affectus,
1041 1213 1123 1278 qui
1150 1211 1189 1259 si
1216 1212 1414 1273 vicerit,
1458 1212 1660 1278 duplum
1701 1212 1884 1275 exigito
1925 1212 1986 1260 ab

140 1321 222 1365 eo,
252 1303 332 1368 qui
361 1300 664 1364 subterfugit
691 1306 739 1348 et
766 1315 853 1347 sua
879 1303 1056 1362 sponte
1084 1296 1248 1344 subire
1274 1312 1489 1361 poenam
1516 1296 1688 1344 noluit.

285 1397 430 1462 Apud
456 1397 706 1445 Romanos
736 1412 760 1443 e
788 1393 900 1458 lege
929 1393 1040 1441 XII.
1069 1391 1353 1440 tabularum
1384 1392 1540 1456 judex
1569 1392 1850 1457 arbiter-que
1873 1392 1987 1457 jure

141 1484 298 1542 datus,
327 1482 409 1547 qui
437 1481 500 1530 ob
530 1498 633 1530 rem
653 1477 977 1545 judicandam
1004 1477 1266 1541 pecuniam
1294 1477 1543 1542 accepisse
1566 1478 1820 1525 convictus
1845 1484 1989 1537 esset,

141 1567 300 1633 capite
329 1564 640 1629 puniebatur.
682 1561 755 1622 (G
774 1562 973 1610 ellius
1002 1561 1178 1609 Noct.
1208 1558 1332 1608 Att.
1360 1560 1473 1621 XX,
1507 1560 1549 1621 1,
1580 1561 1654 1620 7.)

286 1647 688 1697 Vetustissimum
719 1645 928 1711 judicis,
970 1645 1052 1710 qui
1091 1644 1300 1709 pecunia
1327 1645 1575 1709 corrumpi
1603 1661 1653 1693 se
1682 1663 1857 1710 passus
1891 1653 1990 1705 est,

143 1732 450 1782 severissime
476 1729 635 1796 puniti
663 1729 972 1794 exemplum,
1015 1735 1150 1777 extat
1189 1728 1240 1776 in
1280 1728 1482 1776 historia
1520 1727 1782 1793 Cambysis
1817 1729 1991 1776 Persa-

143 1834 251 1865 rum
278 1816 421 1880 regiS,
449 1831 597 1880 quam
623 1821 792 1862 narrat
811 1811 1099 1862 Herodotus
1128 1809 1216 1872 (V,
1235 1812 1342 1870 25).
1370 1812 1460 1860 Ille
1489 1828 1669 1877 nempe
1699 1811 1990 1873 Sisamnem,

145 1917 296 1949 unum
325 1917 349 1947 e
369 1897 620 1964 judicibus
648 1896 824 1961 regiis,
861 1894 992 1961 quod
1026 1902 1231 1960 accepta
1269 1895 1482 1959 pecunia
1509 1895 1743 1960 injustam
1770 1913 1990 1961 pronun-

147 1984 324 2033 ciasset
363 1981 684 2039 sententiam,
730 1979 1072 2039 interfecerat,
1125 1978 1482 2043 interfectoque
1523 1985 1676 2028 totam
1716 1980 1995 2029 detraxerat

147 2067 354 2133 pellem,
397 2072 444 2113 et
483 2064 646 2114 scissis
674 2080 698 2113 e
727 2063 950 2112 detracta
976 2056 1105 2127 pelle
1133 2062 1250 2110 loris
1278 2062 1555 2110 intenderat
1581 2063 1782 2124 sellam,
1822 2064 1871 2111 in
1900 2082 1996 2130 qua

148 2150 227 2200 ille
256 2149 430 2198 sedens
448 2147 533 2213 jus
561 2147 777 2198 dixerat:
817 2164 913 2212 quo
952 2145 1082 2194 facto
1122 2163 1209 2194 rex
1249 2145 1403 2194 filium
1431 2145 1652 2210 ejusdem
1681 2145 1917 2196 Sisamnis
1944 2148 1994 2195 in

149 2234 302 2299 patris
328 2232 490 2280 locum
517 2230 861 2280 nominaverat
879 2229 1125 2295 judicem,
1161 2228 1401 2277 monitum
1431 2236 1485 2276 ut
1510 2230 1849 2280 recordaretur
1876 2249 1992 2297 qua—

153 2335 265 2365 nam
293 2317 343 2363 in
369 2315 489 2364 sella
507 2315 590 2380 jus
617 2313 786 2362 dicens
814 2312 1022 2362 sederet.

292 2400 498 2447 Factum
536 2396 585 2446 id
626 2405 698 2446 est
732 2397 931 2445 vivente
960 2395 1119 2444 adhuc
1146 2395 1352 2444 Athenis
1380 2394 1587 2456 Solone,
1629 2397 1813 2445 Romae
1842 2397 1994 2463 impe-

154 2489 294 2531 rante
322 2481 592 2545 Tarquinio
629 2480 884 2546 Superbo,
927 2479 1008 2528 vix
1047 2479 1299 2542 octoginta
1337 2479 1479 2527 annis
1519 2487 1633 2529 ante
1675 2480 1995 2531 decemviros

154 2567 273 2630 Ejus
309 2566 472 2628 itaque
514 2571 562 2613 et
599 2564 649 2612 hi
682 2563 965 2613 meminisse
993 2570 1252 2628 poterant,
1294 2563 1494 2628 ejusque
1523 2565 1752 2630 exemplo
1781 2582 1994 2613 commo-

162 2648 278 2697 veri.
334 2647 739 2708 (Balduinus
777 2647 840 2695 in
878 2647 1061 2711 leges
1100 2647 1236 2696 XII.
1277 2646 1650 2696 tabularum
1690 2664 1796 2714 cap.
1831 2648 1995 2708 VIII.)

921 2786 1234 2840 Ad1057.

303 2898 502 2947 Suidas:
533 2895 966 2964 ψευδὲγγραφ
984 2916 1009 2944 0
1027 2917 1047 2952 ς
1089 2895 1118 2943 δ
1138 2898 1205 2943 ix
1224 2917 1246 2954 η
1264 2912 1272 2923 ·
1312 2894 1414 2944 τῶν
1442 2894 1655 2961 δημοσίᾳ
1686 2893 1998 2958 ὀφειλόντων

167 2975 224 3024 τά
266 2975 494 3040 ὀνόματα
534 2977 927 3046 ἀπογράφονται
969 2981 1014 3027 οἱ
1053 2982 1259 3043 ταμίαι,
1301 2982 1389 3027 καὶ
1419 2976 1513 3026 ὅσα
1541 2984 1751 3035 ἕκαστος
1778 2977 1996 3040 ὀφείλει·

165 3059 258 3109 ἐὰν
298 3055 396 3107 οὖν
429 3059 496 3122 μὴ
539 3059 817 3123 ὀφείλοντα
844 3061 1074 3130 ἑγγράψῃ
1102 3083 1201 3120 τις,
1250 3060 1279 3121 ἢ
1306 3060 1582 3124 ὀφείλοντα
1610 3065 1707 3125 μέν
1734 3061 1997 3129 ἑγγράψῃ,

167 3146 318 3191 πλέον
357 3142 405 3189 δέ
450 3144 536 3192 τοῦ
566 3142 929 3210 ὀφειλήματος,
971 3139 1121 3202 οὗτος
1161 3144 1547 3214 ’ψευδεγγραᾳῆς
1582 3148 1823 3209 κρίνεται.
1878 3129 2023 3209 (ΕΟ-ἰ

166 3247 274 3277 rum
299 3229 498 3275 nomina
524 3229 603 3292 qui
629 3231 817 3279 aerario
853 3231 1033 3296 aliquid
1072 3231 1280 3291 debent,
1321 3239 1606 3296 quaestores
1633 3231 1683 3278 in
1709 3231 1901 3280 tabulas
1928 3250 1997 3280 re-

168 3312 354 3372 ferunt,
397 3317 443 3358 et
481 3319 716 3375 quantum
755 3313 958 3378 quisque
999 3315 1191 3364 debeat.
1252 3313 1303 3362 Si
1343 3315 1448 3379 quis
1486 3315 1633 3378 igitur
1668 3314 1995 3380 inscripserit,
