2114 3642
600 196 1006 228 emmerammus
1038 195 1103 225 ‚xo
1133 195 1213 228 275.
1243 196 1322 229 277.
1354 193 1434 227 279.
1464 194 1543 227 251.
1866 180 1968 227 459

141 327 332 377 tributis
359 326 615 376 collectam
642 324 933 383 servabant,
977 340 1101 388 quae
1143 323 1258 372 olim
1284 340 1311 372 a
1340 322 1543 373 Graecis
1571 321 1682 370 Deli
1710 321 1757 368 in
1784 322 1971 369 aerario

135 411 476 475 reponebatur.

280 493 405 542 Vide
433 493 579 542 etiam
605 491 789 540 Lexica
816 488 1119 554 Segueriana
1144 507 1256 555 pag.
1278 491 1390 553 188,
1421 490 1551 551 2483
1579 496 1627 537 et
1652 485 1970 553 Hesychium.

277 577 397 626 Post
421 574 705 624 anarehiam
730 573 927 623 fuerunt
953 573 1135 622 aboliti.

915 712 1013 767 Ad
1044 714 1194 767 275.

277 826 563 876 Institutum
590 824 681 873 hoc
708 823 946 874 abolitum
973 831 1045 874 est
1070 827 1196 874 inter
1212 824 1490 891 Olympiad.
1522 825 1636 886 110,
1656 825 1686 872 2
1715 831 1763 874 et
1791 823 1906 885 112,
1929 824 1970 870 5.

919 964 1017 1017 Ad.
1046 966 1197 1019 277.

280 1077 605 1144 Harpocratio
640 1078 689 1126 in
716 1078 994 1142 Aoymwiv:
1034 1077 1320 1124 Διείλεκται
1361 1078 1467 1138 περὶ
1508 1072 1701 1122 τούτων
1735 1071 1972 1137 Ἀριστο-

136 1163 270 1219 τέλης
296 1164 353 1209 ἐν
381 1159 438 1222 τῇ
472 1156 773 1217 Ἀθηναίων
800 1160 1027 1223 πολιτείᾳ
1046 1196 1057 1216 ,
1099 1159 1233 1207 ἔνθα
1275 1156 1533 1207 δείκνυται
1576 1155 1651 1205 ὅτι
1681 1157 1973 1222 διαφέρουσι

135 1243 239 1293 τῶν
264 1240 522 1293 εὐθυνῶν.

277 1328 509 1393 Logistae
548 1327 698 1390 igitur
738 1344 837 1375 non
879 1333 991 1375 sunt
1029 1326 1363 1376 confundendi
1391 1345 1504 1375 eum
1531 1327 1773 1392 euthynis.
1825 1325 1972 1392 Apud

134 1413 335 1478 logistas
362 1412 424 1460 ab
452 1410 678 1460 omnibus
706 1410 1076 1474 magistratibus
1118 1412 1332 1460 rationes
1371 1410 1706 1460 reddebantur
1743 1417 1973 1476 acceptae

136 1504 183 1546 et
209 1512 454 1563 expensae
482 1495 750 1561 pecuniae3
791 1494 993 1560 euthyni
1033 1502 1197 1544 autem
1230 1496 1279 1544 in
1307 1495 1520 1561 reliquas
1548 1494 1762 1543 muneris
1790 1492 1973 1559 publici

135 1588 301 1646 partes
328 1580 701 1644 inquisiverunt.

279 1675 352 1726 Cf.
382 1683 549 1725 tamen
575 1674 909 1723 Boeckhium:
951 1674 1138 1724 Oecon.
1167 1674 1299 1741 publ.
1329 1675 1385 1722 T.
1415 1676 1450 1724 I.
1480 1693 1524 1741 p.
1553 1675 1652 1721 265
1683 1690 1816 1738 seqq.

917 1815 1015 1867 Ad
1046 1816 1197 1868 279.

278 1929 407 1976 Hinc
447 1945 547 1975 non
586 1927 802 1991 sequitur
843 1926 1021 1975 falsum
1048 1943 1180 1988 esse,
1228 1927 1357 1991 apud
1382 1927 1585 1991 legistas
1612 1927 1807 1975 nonnisi
1836 1943 1970 1975 accen

135 2020 248 2078 ptae
277 2018 324 2059 et
351 2027 596 2076 expensae
624 2027 648 2058 e
677 2010 873 2074 publico
908 2011 1144 2075 pecuniae
1177 2011 1389 2059 rationes
1416 2011 1630 2059 redditas
1658 2010 1832 2071 suisse;
1859 2027 1974 2058 nam

136 2102 184 2144 et
209 2094 301 2143 hoc
326 2093 527 2159 probari
568 2093 779 2142 debebat
817 2110 981 2141 coram
1019 2093 1235 2157 legistis,
1279 2094 1407 2158 quod
1447 2094 1760 2157 magistratus
1800 2093 1973 2157 aliquis

136 2195 228 2227 nec
262 2176 526 2241 sumpserit
564 2192 655 2223 nec
694 2176 1013 2240 insumpserit
1054 2177 1317 2241 quiequam
1345 2194 1369 2224 e
1398 2177 1612 2242 publico.
1665 2177 1822 2240 Igitur
1848 2176 1970 2240 logi-

135 2268 318 2310 starum
350 2270 527 2308 munus
555 2275 749 2323 semper
784 2259 912 2307 cirea
938 2258 987 2307 id
1017 2259 1331 2320 versabatur,
1374 2277 1492 2307 num
1530 2259 1703 2324 aliquis
1731 2259 1974 2324 acceperit

136 2345 395 2411 pecuniam
422 2360 446 2391 e
476 2341 698 2407 publico,
740 2350 787 2391 et
814 2343 852 2390 si
881 2342 974 2402 sic,
1018 2361 1137 2391 num
1161 2342 1295 2392 illam
1321 2350 1450 2391 recte
1481 2343 1805 2408 expenderit?

277 2426 353 2476 Of.
379 2426 543 2475 Photii
571 2425 776 2475 lexicon.
806 2445 852 2491 p.
882 2425 998 2487 672,
1029 2427 1094 2473 20
1135 2434 1182 2476 et
1217 2425 1429 2492 Etymol.
1458 2427 1623 2489 Magn.
1671 2446 1716 2493 p.
1748 2427 1860 2487 569,
1892 2426 1971 2475 31.

916 2566 1016 2618 Ad
1058 2568 1195 2620 281.

278 2676 440 2726 Schol.
468 2676 517 2723 in
547 2674 864 2742 Aristophan.
895 2677 1045 2742 Vesp.
1076 2677 1204 2725 691:
1246 2673 1547 2739 Κληρωτούς
1585 2681 1822 2743 γενέσθαι
1851 2677 1971 2727 δέκα

134 2756 457 2826 συνηγόρους.
498 2758 667 2819 (Sorte
695 2761 808 2809 lecti
836 2768 978 2809 sunto
1006 2759 1177 2810 decem
1203 2762 1477 2827 synegori.)

276 2854 438 2904 Photii
481 2855 599 2903 Lex.
640 2854 782 2904 Rhet.
821 2875 867 2921 p.
898 2856 1012 2918 672,
1042 2857 1135 2904 20:
1177 2858 1278 2902 Kal
1320 2850 1466 2902 ἄλλοι
1508 2853 1628 2903 δέκα
1669 2855 1970 2924 συνήγοροι,

135 2939 315 2994 οἵτινες
354 2937 791 3000 συνανακρίνουσι
829 2935 1041 2994 τούτοις.
1110 2941 1202 3000 (Et
1241 2941 1320 2988 alii
1361 2941 1527 2989 decem
1568 2943 1837 3005 synegori‚
1891 2946 1971 3009 qui

138 3040 247 3071 cum
272 3022 346 3070 his
376 3038 470 3070 una
489 3021 756 3087 judicant.)
786 3022 879 3071 Vel
898 3024 1044 3088 juxta
1070 3025 1405 3089 conjecturam
1431 3023 1627 3072 Meieri:
1656 3026 1745 3070 καὶ
1773 3023 1971 3080 τούτοις

136 3105 350 3166 (scilicet
374 3105 592 3170 legistis)
629 3101 891 3166 ἐβοήθουν
931 3099 1078 3152 ἄλλοι
1118 3124 1167 3152 τε
1201 3108 1289 3151 καὶ
1319 3102 1377 3161 δή
1406 3108 1495 3151 καὶ
1524 3107 1570 3152 οἱ
1599 3104 1720 3153 δέκα
1749 3105 1969 3174 συνήγο-

136 3205 241 3248 ροι,
283 3188 461 3241 οἵτινες
501 3189 934 3251 συνανακρίνουσι
973 3185 1174 3242 τούτοις
1215 3185 1333 3242 τούς
1374 3183 1715 3246 ὑπευθύνους.
1772 3192 1858 3252 (Et
1892 3192 1966 3240 his

137 3269 500 3321 auxiliabantur
526 3271 701 3337 aliique
728 3289 784 3321 ac
810 3274 940 3323 inter
966 3281 1153 3323 eeteros
1180 3274 1350 3323 decem
1376 3277 1622 3341 synegori,
1652 3278 1731 3341 qui
1759 3295 1865 3325 cum
1893 3277 1965 3325 his

135 3369 234 3402 una
251 3348 472 3420 judicant
498 3357 650 3414 reos]
