2161 3673
867 311 930 341 m:
959 308 1178 342 mamers.
1872 301 1937 348 93

96 450 189 497 μαι
221 437 296 482 ἐπ’
323 429 537 496 ὠφελείῃ
577 431 884 496 καμνόντων
922 431 1054 482 κατα
1098 432 1320 498 δύναμιν
1346 437 1435 483 καὶ
1462 438 1636 503 κρίσιν
1663 437 1814 501 ἐμήν·
1857 444 1934 489 ἐπὶ

103 515 296 576 δηλήσει
324 515 373 565 δὲ
400 520 489 565 καὶ
518 514 695 579 ἀδικίῃ
723 516 930 581 εἴρξειν·
959 515 1020 566 οὐ
1051 515 1190 565 δώσω
1220 516 1268 566 δὲ
1299 515 1416 567 οὐδὲ
1445 523 1731 585 φάρμακον
1758 520 1933 572 οὐδενὶ

103 602 329 659 αἰτηθεὶς
394 599 726 664 θανάσιμον,
793 597 911 650 οὐδὲ
960 596 1291 668 ὑφηγήσομαι
1342 604 1658 667 ξυμβουλίην
1708 605 1935 665 τοιήνδε·

102 678 289 747 ὁμοίως
328 682 377 731 δὲ
419 681 536 732 οὐδὲ
579 688 790 752 γυναικὶ
831 682 1017 733 πεσσόν
1056 683 1285 749 φθόριον
1323 684 1491 735 δώσω·
1545 683 1715 756 ἁγνῶς
1755 687 1803 736 δὲ
1845 693 1935 738 καὶ

102 761 251 824 ὁσίως
278 765 551 831 διατηρήσω
575 769 700 831 βίον
724 764 816 815 τόν
849 765 976 831 ἐμόν
1017 771 1107 815 καὶ
1146 772 1328 830 τέχνην
1364 767 1458 828 τήν
1497 770 1623 834 ἐμήν
1643 789 1652 798 ·
1692 768 1754 819 οὐ
1784 777 1937 836 τεμέω

102 848 152 898 δὲ
181 847 303 898 οὐδέ
319 848 428 914 μήν
453 850 757 909 λιθιῶντας,
799 849 1067 915 ἐκχωρήσω
1108 849 1157 900 δὲ
1200 855 1468 920 ἐργάτῃσιν
1497 852 1705 919 ἀνδράσι
1735 854 1937 920 πρήξιος

99 931 266 991 τῆςδε·
306 936 375 990 εἰς
414 937 583 992 οἰκίας
624 932 673 983 δὲ
716 930 904 991 ὁκόσας
943 931 1013 983 ἄν
1050 936 1195 992 ἐσίω,
1243 935 1564 1001 ἐσελεύσομαι
1603 943 1678 988 ἐπ’
1717 935 1936 1003 ὠφελείῃ

98 1015 435 1081 καμνόντων,
476 1015 622 1073 ἐκτὸς
661 1015 758 1066 ἐών
797 1016 955 1076 πάσης
995 1015 1194 1076 ἀδικίης
1229 1022 1462 1078 ἑκουσίης
1488 1024 1578 1068 καὶ
1607 1025 1829 1085 φθορίης
1855 1021 1938 1081 τῆς

98 1119 150 1148 τε
176 1095 326 1160 ἄλλης
352 1104 443 1149 καὶ
471 1098 786 1164 ἀφροδισίων
814 1102 1002 1168 ἔργων,
1045 1103 1126 1150 ἐπί
1158 1120 1210 1148 τε
1236 1105 1549 1168 γυναικείων
1575 1104 1819 1168 σωμάτων
1845 1109 1937 1154 καὶ

99 1180 390 1250 ἀνθρώπων
428 1188 708 1248 ἐλευθέρων
741 1204 792 1232 τε
818 1188 908 1232 καὶ
938 1182 1162 1232 δούλων·
1204 1178 1239 1229 οἳ
1266 1182 1311 1231 δ’
1340 1181 1407 1235 ἂν
1432 1190 1488 1234 ἐν
1517 1190 1760 1250 θεραπείῃ
1789 1185 1818 1248 ἢ
1845 1187 1936 1236 ἴδω

98 1263 129 1324 ἢ
155 1264 391 1326 ἀκούσω,
434 1265 464 1327 ἢ
501 1271 591 1316 καὶ
632 1263 759 1316 ἄνευ
801 1269 1064 1330 θεραπείης
1102 1264 1236 1313 κατὰ
1275 1268 1399 1331 βίον
1440 1266 1758 1333 ἀνθρώπων,
1800 1267 1833 1318 ἂ
1865 1269 1935 1334 μή

91 1349 192 1415 χρή
233 1370 351 1400 ποτε
390 1355 727 1400 ἑκκαλὲεσθαι
765 1351 886 1409 ἔξω,
928 1348 1221 1416 σιγήσομαι,
1263 1344 1453 1413 ἄρρητα
1493 1347 1766 1419 ἢγεύμενος
1805 1352 1936 1403 εἶναι

96 1432 157 1482 τά
187 1435 414 1483 τοιαῦτα.
456 1433 660 1498 ’Ὀρκον
679 1435 779 1496 μὲν
806 1427 905 1481 οὖν
925 1452 1018 1495 μοι
1043 1430 1191 1482 τόνδε
1230 1436 1450 1482 ἐπιτελέα
1490 1439 1710 1484 ποιέοντι
1753 1435 1932 1501 καὶμὴ

96 1522 360 1585 ξυγχέοντι
388 1518 462 1577 εἴη
490 1516 812 1581 ἐπαύρασθαι
840 1518 929 1563 καὶ
957 1517 1080 1579 βίου
1108 1535 1197 1563 και
1237 1519 1438 1578 τέχνης,
1481 1516 1807 1584 δοξαζομένῳ
1836 1540 1935 1568 πα-

95 1598 156 1664 ρα
199 1600 318 1649 πᾶσι
359 1600 655 1666 ἀνθρώποις
693 1602 763 1656 εἰς
801 1597 896 1647 τὸν
935 1596 1013 1647 ἀεὶ
1047 1598 1279 1663 χρόνον,
1333 1604 1707 1667 παραβαίνοντι
1754 1601 1803 1653 δὲ
1844 1607 1934 1652 καὶ

94 1686 424 1749 ἐπιορκοῦντι
450 1684 700 1735 τάναντία
727 1689 958 1734 τουτέων.
1041 1687 1360 1751 (Hippocrat.
1388 1687 1791 1754 Jusjurandum).

953 1781 1069 1829 380.

236 1868 287 1918 M
303 1886 327 1916 e
343 1866 444 1916 dic
460 1884 488 1915 o
503 1884 526 1914 r
539 1884 571 1915 u
585 1884 634 1914 m
664 1867 732 1932 ju
747 1865 796 1932 sj
814 1883 845 1914 u
862 1883 884 1914 r
899 1882 928 1913 a
941 1882 973 1912 n
990 1864 1019 1913 d
1035 1883 1066 1913 u
1080 1881 1142 1912 m.
1180 1864 1276 1913 Per
1302 1863 1585 1930 Apollinem
1612 1867 1858 1917 medicum
1885 1876 1932 1918 et

95 1948 442 2016 Aesculapium
482 1949 851 2014 Sanitatemque
892 1955 940 1996 et
977 1947 1256 1996 Panaceam
1285 1946 1608 2013 jurejurando
1648 1951 1840 1999 affirmo
1887 1959 1935 2001 et

96 2034 211 2082 deos
254 2033 466 2097 deasque
507 2050 677 2081 omnes
716 2040 894 2091 testor,
934 2047 1038 2092 me,
1081 2037 1314 2094 quantum
1351 2031 1536 2079 viribus
1563 2040 1612 2081 et
1630 2032 1818 2098 judicio
1847 2052 1930 2084 va-

96 2117 260 2177 luero,
289 2114 420 2181 quod
445 2132 578 2163 nunc
597 2115 709 2180 juro
738 2122 786 2163 et
812 2132 872 2163 ex
899 2114 1082 2179 scripto
1109 2112 1334 2179 spondeo
1362 2114 1509 2179 plane
1538 2114 1930 2166 observaturum:

96 2206 468 2264 praeceptorem
495 2198 715 2263 quidem,
744 2197 827 2262 qui
852 2214 930 2244 me
959 2197 1085 2245 hanc
1112 2204 1262 2244 artem
1291 2196 1503 2257 edocuit,
1532 2207 1796 2262 parentum
1822 2201 1931 2249 loco

94 2281 376 2331 habiturum
414 2281 552 2346 eique
593 2298 704 2329 cum
743 2281 805 2329 ad
844 2281 1027 2329 victum
1068 2287 1172 2328 tum
1210 2280 1357 2329 etiam
1383 2280 1443 2329 ad
1470 2298 1613 2330 usum
1651 2284 1931 2332 necessaria

94 2371 234 2428 grato
260 2365 424 2414 animo
451 2365 920 2413 communicaturum
955 2371 1003 2412 et
1040 2363 1494 2429 suppeditaturum,
1536 2365 1736 2430 ejusque
1764 2375 1927 2431 poste-

94 2465 173 2497 ros
211 2448 343 2513 apud
381 2466 459 2497 me
500 2448 672 2497 eodem
707 2448 817 2497 loco
861 2465 957 2512 quo
995 2464 1259 2512 germanos
1297 2448 1472 2497 fratres
1505 2447 1636 2508 fore,
1680 2466 1859 2513 eosque
1887 2450 1926 2498 si

94 2530 222 2580 hanc
246 2539 403 2581 artem
428 2531 677 2581 addiscere
705 2532 897 2592 volent,
938 2532 1127 2597 absque
1165 2531 1391 2581 mercede
1426 2539 1474 2580 et
1499 2531 1788 2597 syngrapha
1814 2532 1927 2581 edo-

93 2621 308 2675 cturum,
348 2616 756 2681 praeceptionum
782 2633 976 2681 quoque
1003 2623 1052 2665 et
1079 2615 1388 2664 auditionum
1424 2615 1668 2679 totiusque
1708 2615 1925 2681 reliquae

93 2697 379 2764 disciplinae
417 2716 529 2748 cum
566 2717 701 2749 meos
742 2707 790 2748 et
829 2701 933 2765 ejus
970 2701 1051 2764 qui
1077 2717 1155 2749 me
1183 2698 1381 2748 edocuit
1406 2697 1612 2757 liberos,
1652 2705 1756 2746 tum
1783 2697 1924 2748 disci-

91 2781 233 2846 pulos
261 2783 341 2846 qui
368 2783 558 2832 medico
577 2783 903 2848 jurejurando
929 2800 1111 2832 nomen
1153 2783 1399 2846 fidemque
1439 2780 1685 2840 dederint,
1729 2782 1924 2847 partici-

92 2879 180 2929 pes
209 2866 480 2925 facturum‚
520 2866 729 2915 aliorum
760 2874 1015 2931 praeterea
1040 2866 1301 2914 neminem.
1356 2865 1527 2912 Victus
1554 2881 1748 2928 quoque
1776 2865 1922 2914 ratio-

89 2965 228 3008 nem,
265 2957 499 3014 quantum
525 2949 756 2998 facultate
785 2957 833 2998 et
851 2949 1035 3014 judicio
1064 2949 1298 3012 consequi
1325 2955 1523 3012 potero,
1564 2948 1726 3010 aegris
1754 2949 1921 2997 utilem

90 3048 167 3080 me
193 3033 635 3097 praescripturum,
678 3049 858 3097 eosque
898 3032 960 3080 ab
1002 3032 1133 3080 omni
1174 3048 1305 3079 noxa
1343 3037 1392 3077 et
1430 3029 1609 3095 injuria
1649 3030 1919 3080 vindicatu-

87 3131 208 3163 rum.
259 3116 432 3179 Neque
460 3115 746 3180 cujusquam
784 3115 1013 3180 precibus
1057 3114 1295 3163 adductus
1335 3113 1479 3161 alicui
1505 3114 1921 3163 medicamentum

89 3195 266 3246 lethale
294 3198 598 3263 propinabo,
637 3215 795 3262 neque
833 3198 978 3263 hujus
1019 3198 1087 3245 rei
1128 3204 1296 3245 auctor
1321 3214 1417 3245 ero.
1469 3197 1642 3261 Neque
1672 3197 1819 3247 simili
1844 3214 1918 3245 ra-

87 3278 219 3326 tione
246 3281 438 3329 mulieri
476 3298 674 3346 pessum
708 3281 1014 3330 subdititium
1041 3280 1103 3328 ad
1129 3280 1317 3328 foetum
1342 3279 1757 3345 corrumpendum
1784 3279 1916 3329 exhi·

88 3358 243 3422 bebo,
278 3364 364 3412 sed
399 3370 583 3413 castam
610 3370 659 3411 et
683 3363 744 3411 ab
772 3363 905 3412 omni
931 3363 1114 3411 scelere
1144 3379 1318 3427 puram
1343 3369 1447 3410 tum
1474 3363 1628 3410 vitam
1654 3370 1758 3411 tum
1783 3369 1913 3411 aeta-

88 3448 187 3490 tem
226 3460 388 3495 meam
424 3452 664 3510 perpetuo
704 3444 982 3509 praestabO.
1033 3443 1206 3506 Neque
1245 3461 1363 3493 vero
1402 3444 1592 3493 calculo
1632 3445 1914 3494 laborantes
