2114 3642
648 209 1054 242 COMMENTAmUs
1082 209 1149 239 An
1181 204 1284 240 1387.
1314 204 1416 240 1391.
1855 195 1958 242 609

117 334 230 382 dum
257 336 490 400 conjecit:
532 333 623 383 ἐάν
653 334 700 382 δὲ
723 332 792 395 μὴ
824 332 1037 395 ἀδελφοὶ
1066 328 1190 382 ὦσιν
1220 331 1247 391 ἣ
1276 331 1514 395 ἀδελφῶν
1543 331 1742 391 παῖδες,
1771 331 1882 382 ἅδε
1898 339 1954 383 λ-

115 413 238 477 φάς
278 419 388 463 καὶ
432 416 672 472 παῖδας
712 421 773 474 ἐξ
815 414 1067 474 αὐτῶν,
1110 414 1223 464 ἐὰν
1260 415 1319 464 δὲ
1347 414 1429 480 μὴ
1466 413 1763 478 ἀδελφαὶ
1798 412 1956 465 ὦσιν

115 495 145 556 ἢ
183 496 414 553 παῖδες
466 504 527 557 ἐξ
579 497 828 557 αὐτῶν,
883 497 1212 562 ἀνεψιούς
1258 504 1371 547 καὶ
1413 498 1655 555 παῖδας
1693 504 1743 558 ἐξ
1784 497 1954 549 αὐτῶν

114 579 245 629 κατὰ
274 578 435 630 ταύτά
467 582 758 650 λαγχάνειν.

254 680 420 728 Isaeus
460 680 656 745 quidem
696 689 807 745 post
846 682 1016 730 fratres
1056 696 1247 728 sorores
1281 680 1341 729 ad
1369 681 1727 730 successionem
1755 688 1954 730 vocatas

114 763 400 813 nominatim
429 763 667 826 affirmat3
706 772 754 812 at
793 764 873 813 ille
914 782 1014 812 non
1042 764 1227 826 legem,
1268 764 1396 812 utin
1423 765 1590 813 codice
1619 772 1717 824 est,
1758 765 1956 825 recitat,

112 846 196 894 sed
223 845 600 911 interpretatur,
642 865 790 911 quare
832 855 879 896 et
918 863 1026 895 cam
1054 846 1216 894 verbis
1244 847 1397 895 multo
1427 847 1763 907 brevioribus,
1804 865 1951 913 quam

114 929 290 992 quibus
323 930 427 994 ipse
454 931 503 977 in
543 929 838 995 explicanda
877 930 987 994 lege
1027 947 1142 978 usus
1169 930 1252 989 sit,
1294 947 1322 977 a
1348 930 1630 993 legislatore
1660 939 1950 997 conceptam

114 1011 264 1061 fuisse
291 1014 370 1061 ait.
424 1015 479 1063 In
507 1014 614 1062 loco
642 1014 793 1078 igitur
820 1014 945 1063 Isaei
973 1013 1092 1061 nihil
1122 1020 1220 1075 est⁷
1259 1013 1388 1077 quod
1416 1013 1526 1062 talis
1559 1014 1956 1079 interpolationis

112 1096 161 1142 in
199 1097 539 1146 'Demosthene
581 1097 838 1146 faciundae
890 1097 1233 1146 necessitatem
1284 1096 1426 1146 nobis
1467 1098 1702 1162 imponat.
1754 1099 1953 1163 Itaque,

113 1196 261 1243 quum
289 1180 405 1229 alibi
433 1181 576 1230 etiam
618 1180 815 1245 pluralis
857 1176 1070 1238 ἀδελφοὶ
1113 1179 1317 1244 perinde
1354 1180 1413 1228 de
1442 1180 1673 1228 fratribus
1701 1188 1749 1229 et
1775 1181 1952 1230 sorori—

113 1261 206 1310 bus
233 1263 283 1311 in
312 1281 400 1312 usu
427 1265 514 1325 sit,
558 1265 607 1312 in
635 1263 857 1313 Soloneis
886 1263 1079 1327 legibus
1110 1280 1299 1312 summa
1337 1263 1578 1311 brevitate
1619 1263 1873 1329 conceptis
1901 1280 1958 1311 ea

112 1346 312 1395 licentia
351 1347 548 1395 minime
590 1346 841 1395 offendere
882 1354 1066 1410 potest;
1106 1363 1318 1411 namque
1361 1346 1511 1395 etiam
1544 1347 1593 1393 in
1622 1353 1791 1396 nostra
1818 1347 1953 1409 lege,

113 1430 302 1494 quoties
331 1427 499 1485 παῖδε-ς
540 1429 737 1495 γνήσιοι
779 1431 1125 1489 nominantur,
1166 1431 1320 1479 verba
1347 1430 1407 1478 de
1436 1438 1642 1495 utroque
1670 1448 1789 1479 sexu
1817 1430 1956 1478 intel-

112 1512 310 1577 ligenda
337 1522 462 1562 sunt.
470 1514 495 1540 ‘⁴
539 1513 572 1562 S
591 1513 1003 1577 chellingius
1038 1514 1097 1563 de
1127 1512 1322 1562 Solonis
1350 1514 1544 1578 legibus
1571 1532 1616 1579 p.
1648 1513 1763 1562 115.

256 1607 391 1656 Idem
430 1607 759 1671 Schellingius
801 1627 846 1672 p.
880 1607 977 1654 117
1019 1589 1208 1655 initium
1248 1608 1414 1670 legis
1404 1626 1452 1655 m
1480 1608 1828 1657 Demosthenis
1855 1608 1955 1657 Ma-

113 1697 229 1739 car.t
257 1691 325 1739 ita
351 1689 609 1739 emendat:
650 1685 740 1736 εοὲν
781 1686 830 1735 δε
873 1684 1086 1749 ἀδελφοὶ
1127 1690 1252 1735 ω’σιν
1293 1682 1608 1753 ὁμοπάτορες
1651 1686 1679 1747 ἢ
1712 1688 1880 1744 παῖδες
1906 1694 1956 1748 ἐξ

114 1770 354 1833 ἀδελφῶν
393 1770 588 1839 γνήσιοι
618 1769 709 1829 τὴν
737 1771 828 1819 τοῦ
861 1770 1046 1834 πατρὸς
1080 1778 1271 1836 μοῖραν
1310 1772 1616 1840 λαγχάνειν
1669 1771 1761 1821 ἐάν
1801 1772 1850 1820 δὲ
1886 1771 1956 1836 μὴ

115 1853 329 1916 ἀδελφοὶ
365 1850 488 1903 ὦσιν
517 1852 545 1913 ἢ
573 1852 812 1916 ἀδελφῶν
852 1854 1021 1911 παῖδες
1040 1894 1049 1912 ,
1091 1853 1121 1902 ἄ
1141 1876 1204 1904 νε
1226 1871 1291 1920 ψι
1312 1878 1338 1903 0
1355 1854 1385 1905 v*
1405 1877 1425 1912 ς
1465 1877 1499 1903 κ
1516 1860 1577 1904 αἱ
1620 1854 1777 1903 παῖδ
1794 1875 1824 1903 α
1842 1877 1863 1912 ς
1902 1860 1952 1914 ἐξ

115 1935 287 1987 αὐτῶν
315 1937 446 1987 κατὰ
477 1936 639 1987 ταύτὰ
668 1938 960 2006 λαγχάνειν.
1004 1942 1148 2002 Quod
1177 1944 1483 2007 superfluum
1510 1951 1609 2003 est;
1642 1959 1758 1990 nani
1785 1949 1958 2007 suapte

115 2024 404 2088 intelligitur
444 2021 563 2079 ’τούς
602 2028 651 2082 ἐξ
695 2020 867 2072 αὐτῶν
903 2028 1107 2091 (nempe
1147 2022 1384 2086 ἀδελφῶν
1413 2020 1442 2081 ἢ
1469 2020 1708 2084 ἀδελφῶν
1736 2021 1959 2083 παίδων)

115 2126 212 2157 non
239 2109 360 2157 alios
388 2125 494 2157 esse
522 2125 669 2173 quam
696 2103 944 2171 ἀνεψιούς
972 2110 1061 2154 καὶ
1091 2106 1272 2163 παῖδας
1300 2105 1544 2172 ἀνεψιῶν.

258 2205 498 2267 Regulam
530 2204 683 2268 juris,
722 2211 775 2251 ut
813 2205 861 2251 in
901 2204 1209 2253 successione
1250 2204 1312 2252 ab
1353 2206 1584 2253 intestato
1613 2203 1831 2252 conditio
1859 2221 1958 2252 ma=

116 2288 241 2336 rium
268 2287 656 2352 praehaberetur
683 2285 948 2334 conditioni
976 2286 1281 2347 feminarum,
1306 2287 1573 2337 servabant
1597 2286 1777 2336 Graeci
1805 2304 1957 2350 usque

118 2372 179 2419 ad
208 2370 476 2419 secundam
504 2370 602 2418 fere
630 2369 774 2434 hujus
801 2370 952 2418 seculi
981 2378 1187 2435 partem.

259 2464 336 2513 Cf.
364 2464 554 2512 Greib:
583 2465 900 2529 Darstellung
928 2464 1011 2513 des
1038 2466 1483 2515 Rechtszustandes
1511 2466 1561 2513 in
1589 2464 1957 2515 Griechenland

118 2546 353 2596 wahrend
381 2546 466 2594 der
494 2546 779 2595 tiirkischen
808 2547 1099 2596 Herrschaft
1131 2548 1230 2595 und
1271 2548 1345 2595 bis
1372 2565 1457 2596 zur
1487 2547 1715 2597 Aukunft
1742 2548 1827 2596 (les
1856 2548 1956 2595 Κὸτ

120 2631 231 2694 nigs
258 2629 375 2677 Otto
405 2629 439 2678 I.
481 2628 875 2695 (Heidelbergae
905 2630 1085 2690 1835.)

887 2794 986 2847 Aa
1017 2796 1092 2848 13
1101 2796 1193 2848 91.

263 2919 368 2967 Lex
406 2918 527 2966 llaec
567 2918 709 2966 tacite
750 2919 1029 2968 continetur
1068 2920 1118 2966 in
1160 2918 1324 2966 verbis
1364 2918 1596 2966 oratoris:
1648 2917 1694 2963 εἰ
1731 2914 1857 2983 γάρ,
1897 2911 1960 2969 οἷς

122 2992 263 3047 οὗτοι
294 3002 520 3066 λέγουσι,
561 2998 634 3062 τῴ
666 3005 762 3062 μέν
805 2997 1155 3062 Φιλοκτήμονι
1198 3001 1350 3061 (filio)
1386 2996 1456 3061 μὴ
1498 2996 1615 3056 ἐξῆν
1651 2997 1958 3054 διαθέσθαι,

119 3081 211 3130 τοῦ
242 3081 284 3128 δ’
315 3079 647 3145 Εὐκτήμονός
675 3084 883 3149 (patris)
911 3087 1045 3130 ἐστιν
1075 3077 1100 3129 ὁ
1133 3082 1330 3145 κλῆρος.

266 3180 384 3228 Post
423 3177 781 3246 descendentes
822 3178 1037 3227 defuncti
1079 3179 1140 3227 ad
1183 3178 1507 3227 ascendentes
1547 3195 1575 3226 a
1608 3186 1747 3244 patre
1787 3193 1958 3242 perve-

121 3262 251 3310 nisse
279 3263 625 3321 hereditatem,
653 3262 928 3311 doctissime
958 3262 1172 3312 ostendit
1199 3261 1274 3311 Sc
1291 3262 1320 3309 h
1337 3262 1658 3326 ellingius
1686 3261 1789 3321 (De
1818 3258 1955 3309 Solo-

122 3344 196 3393 nis
223 3345 413 3407 legibus
440 3364 485 3411 p.
518 3344 839 3404 108—114.)

1624 3426 1680 3467 39
