2161 3673
799 260 1171 295 MAGISTRATUS.
1841 250 1905 296 49

930 388 1043 437 182.

211 484 429 551 Ejuratio
477 490 574 544 est,
627 499 739 531 oum
777 482 882 547 quis
922 483 984 532 ad
1021 484 1321 548 legationem
1359 491 1442 533 aut
1482 483 1615 532 aliud
1654 483 1906 548 *quoddam

73 568 321 635 publicum
359 583 534 614 munus
573 565 782 624 electus,
821 565 1119 615 infirmitatis
1160 574 1244 616 aut
1281 566 1600 632 impotentiae
1642 574 1904 632 praetextu

66 653 198 716 jurat
223 657 305 699 aut
328 649 434 715 ipse
460 655 543 697 aut
568 664 656 714 per
681 647 844 697 alium.

929 756 1041 804 183.

214 846 331 898 Οὐκ
358 850 510 908 ἔξεστι
539 845 626 904 τὰς
654 852 713 896 ἐκ
739 846 835 896 τοῦ
862 846 1025 912 δήμου
1044 852 1367 913 χειροτονίας
1395 854 1449 898 ἐν
1475 848 1537 912 τῇ
1560 848 1726 914 βουλῇ
1752 846 1902 913 ἐξόμ-

70 936 274 982 νυσθαι.
794 931 1051 996 (Aeschin.
1080 934 1208 984 male
1236 942 1360 998 gest.
1389 935 1537 998 legat.
1566 931 1608 1000 ξ.
1639 935 1761 995 95.).

924 1041 1039 1090 183.

213 1137 325 1186 Non
353 1137 467 1185 lieet
492 1135 664 1202 populi
690 1135 937 1200 suffragiis
970 1135 1165 1185 decreta
1190 1152 1395 1184 munera
1421 1136 1471 1183 in
1499 1144 1673 1185 senatu
1700 1137 1903 1201 ejurare.

927 1242 1041 1290 184.

217 1322 315 1381 Τὰς
342 1322 498 1388 ἀρχὰς
525 1318 748 1380 ἀπάσας,
785 1319 904 1379 ὅσας
931 1324 978 1370 οἱ
1005 1320 1249 1384 λαχόντες
1277 1317 1554 1386 ἄρχουσιν,
1585 1320 1689 1386 ἅμα
1716 1324 1789 1388 τῷ
1814 1322 1905 1373 τὸν

77 1404 315 1472 ὑπηρέτην
353 1409 536 1456 εἰπεῖν·
579 1403 860 1470 μετάστη
878 1427 901 1452 τ
918 1426 939 1454 ε
989 1406 1052 1464 ἔξ
1068 1425 1131 1463 ω,
1184 1405 1287 1453 τῶν
1336 1406 1509 1469 νόμων
1548 1413 1784 1472 κρατεῖν,
1826 1411 1904 1468 ἐφ’

74 1488 146 1548 οἷς
173 1493 593 1553 εἰσεπέμφθησαν.
877 1490 1157 1550 (Demosth.
1187 1508 1223 1540 o.
1252 1489 1506 1556 Aristogit.
1536 1493 1572 1542 I.
1602 1492 1761 1553 776.)

213 1681 528 1746 Magistratus
561 1699 760 1743 omnes,
800 1698 922 1747 quos
960 1682 993 1730 ii
1031 1689 1236 1745 gerunt,
1276 1682 1451 1747 quibus
1478 1682 1548 1731 illi
1576 1683 1747 1733 sortito
1777 1685 1901 1734 obti-

70 1772 273 1829 gerunt,
314 1765 455 1814 simul
482 1782 539 1814 ac
564 1765 782 1814 minister
810 1765 988 1813 dixerit
1017 1764 1337 1828 „egredimini
1371 1765 1554 1826 foras“‚
1595 1766 1763 1830 legum
1791 1776 1904 1816 sunt

70 1856 349 1914 compotes,
379 1866 585 1914 quarum
612 1848 995 1898 exercendarum
1022 1866 1170 1897 causa
1195 1848 1464 1898 intromissi
1491 1858 1616 1898 sunt.

211 2029 452 2084 Εὕθυναί
478 2039 606 2085 εἰσιν
632 2037 683 2084 αἱ
709 2036 812 2084 τῶν
838 2035 1161 2099 διωκημένων
1188 2041 1244 2086 ἐν
1263 2043 1370 2093 ταῖς
1397 2035 1576 2101 ἀρχαῖς
1604 2036 1902 2103 δοκιμασίαι

72 2122 161 2166 καὶ
187 2117 424 2178 ἐξετάσεις
450 2124 540 2168 καὶ
568 2118 920 2187 ἀπολογισμοί.

773 2205 971 2271 [Schol.
998 2206 1050 2254 in
1076 2203 1304 2256 Aeschin.
1333 2206 1641 2272 Ctesiphont.
1671 2209 1758 2268 9.).

926 2311 1041 2361 185.

208 2393 439 2445 Rationes
466 2404 579 2445 sunt
604 2413 765 2446 rerum
788 2396 838 2444 in
852 2397 1144 2462 magistratu
1169 2403 1422 2460 gestarum
1449 2415 1685 2447 censurae
1714 2406 1762 2447 et
1788 2415 1900 2447 exa-

69 2477 200 2526 mina
225 2486 272 2527 et
299 2481 652 2529 excusationes.

930 2552 1042 2601 186.

200 2628 529 2692 Ἀνεύθηνον
556 2631 603 2681 δὲ
626 2636 717 2681 καὶ
744 2630 1078 2692 ἀνεξέταστον
1104 2637 1195 2681 καὶ
1223 2630 1468 2693 ἀζήτητον
1494 2629 1647 2681 οὐδέν
1672 2637 1771 2682 ἐστι
1798 2632 1902 2682 τῶν

67 2717 122 2762 ἐν
146 2714 208 2778 τῇ
233 2713 385 2765 πόλει.
861 2718 1116 2780 (Aeschin.
1145 2720 1196 2768 in
1224 2719 1533 2784 Ctesiphont.
1563 2716 1604 2784 ξ.
1635 2720 1756 2780 22.)

922 2826 1035 2875 186.

208 2907 422 2957 Omnino
450 2916 614 2958 autem
638 2926 836 2971 eorum,
877 2927 1000 2974 quae
1040 2909 1090 2958 in
1130 2908 1326 2957 civitate
1363 2910 1509 2970 fiunt,
1551 2909 1673 2958 nihil
1701 2917 1799 2970 est,
1841 2910 1898 2958 de

66 3008 160 3056 quo
199 3009 300 3041 non
339 2992 589 3041 reddenda
628 2992 689 3040 sit
726 2993 875 3054 ratio⁷
924 2993 982 3040 de
1022 3010 1117 3057 quo
1146 3010 1246 3040 non
1275 2992 1337 3040 sit
1364 2993 1725 3056 quaerendum,
1767 2993 1899 3058 quod

66 3092 165 3124 non
192 3075 254 3124 sit
281 3076 653 3142 explorandum.
921 3148 1022 3196 187

198 3225 396 3292 Ἀρχὴν
419 3223 731 3278 ὑπεύθυνον
750 3225 819 3292 μὴ
849 3226 1140 3291 ἀποδημεῖν.

197 3306 535 3361 ςΥπεύθυνον
553 3309 622 3376 μὴ
650 3308 740 3369 τὴν
778 3309 963 3360 οὐσίαν
1002 3307 1292 3372 καθιεροῦν
1322 3308 1447 3373 μηδὲ
1488 3307 1732 3374 ἀνάθημα
1768 3307 1896 3358 ἀνα-

76 3395 241 3440 θεῖναι
261 3432 271 3450 ,
294 3394 418 3455 μηδὲ
446 3397 719 3451 ἐκποίητον
744 3398 983 3460 γενέσθαι
1000 3431 1010 3449 ,
1036 3390 1159 3455 μηδὲ
1190 3390 1466 3441 διαθέσθαι
1493 3391 1553 3441 τά
1583 3393 1783 3441 ἑαυτοῦ.

1590 3479 1616 3517 4
