2114 3642
614 191 1020 224 cosmam-Amos
1050 191 1116 222 An
1146 189 1249 226 1234.
1281 189 1382 225 1237.
1413 189 1517 226 1238.
1878 181 1976 229 585

140 320 260 372 λως,
302 320 390 363 καὶ
420 314 481 364 οὐ
513 315 865 379 παραβήσομαι
909 320 1057 378 τέχνῃ
1099 314 1215 365 οὐδὲ
1249 318 1455 381 μηχανῇ
1486 317 1716 382 οὐδεμιᾷ.
1771 324 1977 380 (Jurent

138 408 298 449 autem
328 401 373 448 id
401 402 580 466 quique
601 401 967 466 jusjurandum,
999 403 1128 465 quod
1157 404 1374 452 moribus
1402 405 1571 469 patriis
1598 405 1860 453 maximum
1890 413 1975 462 est,

139 502 284 549 super
314 485 553 548 perfectas
582 485 780 532 hostias.
834 485 1187 548 Jusjurandum
1219 496 1380 534 autem
1410 488 1503 535 hoc
1532 496 1661 535 esto:
1706 488 1976 545 „Perstabo

136 568 186 614 in
215 569 448 616 societate
478 587 501 616 e
531 568 686 633 pactis
714 568 970 615 conventis
1003 569 1134 632 juste
1176 577 1222 616 et
1252 570 1461 618 innocue
1491 578 1539 619 et
1565 572 1669 619 sine
1699 570 1841 623 dolo:
1884 587 1974 618 nec

139 668 244 698 eam
272 651 372 699 ulla
399 651 476 698 vel
505 649 702 698 fallacia
731 650 805 696 vel
833 650 1195 698 machinatione
1224 652 1500 711 violabo.“)

282 733 596 783 Andocid.
651 732 720 779 de
776 750 943 797 pace.
997 730 1039 797 ξ.
1086 734 1174 780 11:
1218 734 1320 782 Pax
1374 732 1595 795 (εἰρήνη)
1650 744 1697 784 et
1749 735 1977 784 induciae

138 813 407 875 (σπονδαί)
447 815 651 863 multum
691 816 820 864 inter
859 834 909 864 se
949 817 1195 865 differunt.
1249 817 1428 865 Pacem
1469 818 1596 865 enim
1634 820 1828 874 ineunt,
1869 819 1978 884 qui,

137 899 365 964 aequales
394 899 579 947 viribus
608 906 655 947 et
682 899 947 961 dignitate,
976 900 1036 948 de
1065 901 1223 949 causis
1252 900 1603 949 discordiarum
1632 919 1826 950 suarum
1853 903 1979 950 inter

138 1000 189 1029 se
219 990 358 1046 prout
389 982 674 1029 convenerit
714 983 1053 1046 paciscuntur3
1093 982 1313 1030 inducias
1341 992 1502 1032 autem
1531 985 1744 1033 victores
1772 986 1819 1034 in
1847 987 1978 1034 bello

136 1065 251 1113 facti
281 1065 422 1113 victis
450 1083 539 1130 pro
568 1065 805 1113 arbitratu
833 1083 919 1113 suo
946 1065 1207 1130 imperant.

280 1148 387 1196 Hoc
415 1148 679 1196 discrimen
707 1148 885 1196 falsum
915 1166 1046 1204 esse,
1090 1150 1227 1197 multi
1258 1150 1348 1197 loci
1379 1150 1658 1199 ostendunt.
1712 1151 1835 1199 Vide
1866 1163 1910 1201 ej
1936 1171 1974 1201 c.

137 1231 426 1295 Thucyd.V‚
445 1231 525 1290 47ᾖ
544 1231 622 1279 ubi
643 1227 857 1276 σπονδαὶ
876 1239 1139 1280 occurrunt
1155 1232 1212 1280 de
1230 1232 1601 1281 Atheniensium
1618 1242 1664 1282 et
1681 1233 1978 1297 Argivorum

136 1314 347 1373 foedere,
377 1314 552 1378 quibus
580 1313 764 1362 bellum
791 1315 920 1362 int-er
946 1332 994 1361 se
1025 1315 1210 1362 nullum
1241 1315 1424 1371 fuerat,
1454 1323 1501 1363 et
1528 1317 1757 1382 Xenoph.
1788 1318 1976 1366 Hellen.

136 1399 196 1454 H,
226 1399 273 1457 2,
302 1399 393 1451 20,
435 1398 514 1445 ubi
558 1394 726 1458 εἰρήνη
766 1398 943 1445 dicitur
982 1416 1078 1462 pax
1108 1397 1497 1447 Atheniensibus
1539 1400 1744 1449 devictis
1772 1419 1799 1449 a
1827 1402 1976 1450 Lace-

135 1481 408 1530 daemoniis
435 1482 677 1546 imposita.
732 1482 793 1529 Et
820 1481 937 1528 talia
976 1489 1210 1530 sexcenta
1250 1482 1389 1530 facile
1419 1484 1581 1531 afferri
1608 1493 1827 1548 possunt.
1882 1486 1976 1534 Ve-

136 1583 241 1613 rum
272 1564 530 1613 discrimen
571 1563 661 1611 hoc
701 1572 798 1619 est,
842 1572 893 1611 ut
932 1560 1146 1609 σπονδαὶ
1186 1564 1243 1612 de
1274 1566 1448 1629 quovis
1477 1566 1700 1628 foedere,
1742 1569 1885 1617 etiam
1914 1569 1973 1616 de

134 1664 403 1714 paucorum
430 1647 620 1695 dierum
649 1647 882 1704 induciis,
924 1643 1094 1706 εἰρήνη
1121 1655 1283 1696 autem
1313 1649 1372 1696 de
1402 1666 1523 1713 pace
1552 1651 1601 1697 in
1629 1652 1826 1715 longius
1856 1661 1975 1699 tem-

134 1749 228 1796 pus
257 1731 385 1779 facta
413 1731 617 1779 dicatur.
657 1729 802 1789 (Sch
821 1748 847 1778 0
867 1747 953 1778 em
971 1749 1044 1778 an
1063 1748 1117 1778 n:
1159 1731 1489 1796 Antiquitates
1510 1732 1632 1796 juris
1661 1734 1790 1798 publ.
1821 1734 1975 1783 Grae-

135 1832 231 1862 cor.
260 1833 305 1879 p.
335 1814 479 1871 373.)

901 1893 999 1946 Ad
1024 1895 1213 1947 1237.

280 2005 441 2054 Schol.
470 2005 532 2053 ad
562 2005 875 2053 Demosthen.
906 2005 1099 2070 Leptin.
1130 2006 1246 2063 475,
1277 2009 1334 2053 5:
1377 2003 1628 2066 Πρόξενοι
1667 2008 1899 2071 λέγονται
1930 2008 1976 2053 οἱ

136 2091 192 2133 ἐν
217 2093 320 2142 τοῖς
348 2080 505 2148 ὁρίοις
544 2085 662 2142 τούς
699 2084 1069 2147 ἑπιδηιιοίἶντας
1110 2085 1406 2149 δεχόμενοι,
1449 2091 1591 2147 φίλοι
1634 2088 1977 2155 τυγχάνοντες

135 2174 225 2217 καὶ
266 2169 417 2231 κοῑνῂ
459 2173 547 2216 καὶ
590 2168 710 2232 ἰδίᾳ.
773 2171 1150 2230 (Procuratores
1191 2171 1459 2237 hospitales
1501 2174 1752 2232 dicuntur,
1807 2175 1886 2238 qui
1928 2175 1978 2222 in

136 2256 316 2305 finibus
344 2255 597 2303 venientes
625 2254 843 2319 hospites
880 2255 1157 2319 excipiunt,
1199 2272 1348 2318 quum
1387 2256 1526 2304 amici
1555 2258 1649 2305 sint
1680 2275 1848 2306 eorum
1877 2266 1976 2306 tam

137 2338 331 2404 publice
360 2355 504 2403 quam
535 2337 807 2402 privatim.)

279 2420 442 2469 Schol.
471 2422 519 2468 in
550 2420 892 2485 Aristophanis
919 2438 1037 2468 aves
1070 2420 1195 2467 1021
1221 2438 1229 2466 :
1277 2417 1529 2481 Πρόξενοί
1568 2423 1698 2468 εἰσιν
1725 2423 1771 2469 οἱ
1801 2440 1977 2488 τεταγ-

137 2508 280 2563 μένοι
309 2505 377 2557 εἰς
404 2499 460 2549 τὸ
494 2496 833 2562 ὑποδέχεσθαι
876 2500 993 2557 τούς
1033 2506 1204 2560 ξένους
1244 2507 1293 2560 ἐξ
1322 2498 1493 2549 ἄλλων
1523 2501 1714 2552 πόλεων
1742 2501 1974 2561 ἥκοντας.

137 2589 513 2647 (Procuratores
541 2585 806 2651 hospitales
845 2587 1210 2635 constituuntur
1238 2588 1299 2636 ad
1329 2588 1645 2653 excipiendos
1674 2590 1889 2654 hospites
1918 2608 1977 2639 ex

137 2672 243 2719 aliis
271 2670 551 2719 civitatibus
578 2669 938 2729 advenient-es.)

895 2796 993 2849 Ad
1019 2799 1208 2850 1238.

281 2909 319 2955 E
360 2924 408 2955 re
450 2906 684 2970 singulari
728 2908 815 2956 feci
858 2908 1154 2971 generalem.
1210 2908 1357 2973 Apud
1409 2909 1794 2958 Demosthenem
1847 2911 1976 2958 enirn

135 2992 296 3058 agitur
324 2990 381 3038 de
412 3008 632 3054 proxeno
663 2990 1093 3039 Heracleotarum:
1129 2986 1261 3055 Ἐγώ
1305 2989 1564 3051 προξενῶν
1604 2990 1842 3057 τυγχάνω
1875 2992 1977 3039 τῶν

127 3068 503 3135 ιΗριυτλετιντών
535 3111 540 3117 .
573 3109 582 3119 .
613 3110 620 3116 .
652 3111 659 3120 ,
690 3075 740 3129 ἐξ
783 3070 1010 3139 ἀνάγκης
1043 3074 1138 3134 μοι’
1178 3077 1313 3120 ἐστιν
1341 3067 1581 3121 ἁπάντων
1602 3068 1977 3137 εΗρακλιεωτῶν

140 3159 498 3219 ἐπιμελεῖσθαι,

279 3241 352 3290 Cf.
381 3241 429 3288 M
448 3241 608 3288 eier:
648 3241 722 3288 De
761 3240 1000 3306 proxenia
1033 3241 1134 3289 sive
1163 3241 1220 3290 de
1249 3242 1447 3307 publico
1476 3242 1599 3292 Grac
1613 3261 1781 3292 corum
1810 3243 1970 3308 hospi-

136 3325 215 3380 tio,
255 3324 418 3383 (Halis
451 3324 625 3381 1843.)
