2114 3642
557 214 964 246 COMMENTAmcs
998 214 1061 245 «111
1092 212 1171 250 476,
1199 213 1281 248 477.
1310 213 1391 247 480.
1419 211 1500 246 481.
1850 198 1950 245 479

109 339 378 404 interesse,
418 341 596 405 quibus
640 345 802 388 autem
842 340 904 388 ob
945 341 1218 406 piaculum,
1260 350 1344 391 aut
1370 341 1466 390 alia
1492 339 1550 388 de
1579 355 1724 387 causa
1748 340 1949 387 interdi-

107 423 335 483 cebatur,
375 425 445 473 illi
473 423 681 471 vinculis
710 439 808 471 non
837 424 1205 485 eximebantur,
1234 433 1287 473 ut
1313 425 1429 472 dicit
1456 422 1666 488 Sopater
1693 422 1762 469 de
1793 422 1898 469 div
1913 422 1948 468 i-

106 505 287 555 sione
321 506 701 571 quaestioni
720 524 767 553 s:
808 502 1008 571 ἐξοῖγειν
1036 504 1373 569 δεσμωτηρίου
1389 544 1402 563 ,
1433 499 1523 560 οὕς
1544 507 1776 568 μετέχειν
1804 502 1950 566 ἱερῶν

106 590 196 634 καὶ
225 587 460 637 σπονδῶν
486 584 688 654 εὐαγὲς,
731 583 793 634 οὐ
836 585 955 643 τοὺς
995 585 1326 652 ἀκαθάρτους
1370 592 1458 636 καὶ
1501 585 1705 654 ἆναγεῖς
1733 589 1821 633 καὶ
1850 584 1951 634 τῶν

106 673 528 735 περιρραντηρίων
563 667 1019 732 ἀπελαυνομένους.

890 787 989 840 Ad
1013 789 1170 841 476.

246 897 422 948 Suidas
462 917 498 947 s.
540 917 583 946 v.
625 892 972 957 Ἀπατούριαῑ
1024 898 1212 946 Bellum
1253 896 1558 945 Ahenienses
1598 914 1709 945 cum
1748 897 1948 946 Boeotis

103 980 356 1044 gerebant.
408 979 532 1030 Cum
570 989 731 1029 autem
770 981 1015 1029 Xanthius
1054 982 1272 1029 Boeotus
1307 980 1369 1029 ad
1410 979 1656 1044 singulare
1697 987 1947 1028 certamen

105 1062 432 1130 Thymoeten]
460 1063 831 1113 Atheniensium
862 1081 1029 1128 regem
1065 1071 1386 1128 provocaret,
1426 1063 1569 1126 idque
1597 1064 1678 1111 ille
1706 1063 1947 1111 detrecta-

104 1154 203 1207 ret,
245 1147 548 1206 Melanthus,
591 1149 673 1212 qui
714 1156 814 1195 tum
855 1148 979 1195 forte
1021 1146 1190 1195 aderat
1215 1147 1513 1205 Messenius,
1556 1154 1804 1194 certamen
1832 1145 1949 1194 illud

105 1231 331 1295 suscepit.
390 1230 705 1280 Certantibus
732 1232 880 1296 igitur
902 1231 1024 1291 illis,
1065 1231 1343 1279 Melanthus
1370 1230 1548 1295 injuste
1575 1228 1846 1277 Xanthium
1875 1229 1944 1276 fa-

105 1328 213 1360 cere
242 1313 389 1373 dixit,
429 1314 557 1378 quod
598 1332 705 1363 cum
745 1314 919 1362 comite
959 1314 1007 1361 in
1048 1321 1295 1362 certamen
1332 1312 1674 1361 descendisset.
1729 1314 1775 1361 Is
1802 1313 1949 1375 igitur

105 1412 215 1444 cum
241 1396 558 1462 respexisset,
587 1415 614 1446 a
642 1397 893 1445 Melantho
920 1396 1207 1444 interfectus
1236 1404 1322 1445 est.
1364 1396 1492 1444 Hinc
1519 1395 1669 1458 igitur
1697 1402 1744 1443 et
1769 1395 1949 1443 festum

105 1479 408 1544 appellatum
434 1476 515 1545 :est
541 1479 877 1545 Deceptionis.
931 1479 1025 1529 Alii
1067 1482 1181 1528 v'ero
1221 1480 1414 1539 dicunt,
1455 1478 1633 1527 festum
1661 1477 1752 1525 hoc
1780 1478 1948 1542 appel-

105 1562 255 1609 latum
297 1563 446 1612 fuisse
492 1558 808 1623 Ἀπατούρια
849 1563 985 1627 quasi
1018 1556 1400 1624 ε(λαοττατὸραι,
1458 1561 1590 1626 quod
1630 1568 1794 1627 patres
1834 1569 1950 1608 tunc

105 1646 455 1707 convenirent,
496 1654 549 1694 ut
576 1646 699 1694 filios
733 1648 784 1695 in
811 1646 976 1695 album
1004 1647 1258 1695 referrent.

249 1728 374 1778 Vide
403 1730 548 1779 etiam
576 1731 757 1779 Lexica
784 1729 1091 1793 Segueriana
1119 1749 1164 1796 p.
1195 1730 1311 1781 416,
1341 1729 1458 1785 417,
1488 1728 1605 1776 273.

889 1870 988 1924 Ad
1013 1872 1168 1924 477.

250 1979 425 2030 Suidas
450 1982 859 2047 111,ιιειαγωγεῐν;
889 1981 1013 2030 Cum
1041 1982 1148 2045 quis
1176 1980 1331 2028 filium
1350 1979 1453 2044 jam
1481 1977 1702 2026 adultum
1724 1977 1784 2024 ad
1800 1976 1945 2042 phra-

105 2070 237 2111 tores
264 2064 635 2125 introducebat,
670 2065 918 2113 victimam
946 2064 1113 2113 statuti
1141 2063 1373 2128 ponderis
1406 2062 1547 2109 simul
1574 2078 1682 2108 cum
1712 2078 1768 2108 eo
1796 2060 1945 2108 addu-

106 2146 273 2207 cebat,
315 2164 404 2194 nec
444 2148 684 2196 minorem
718 2148 833 2195 dare
862 2146 1054 2195 licebat.
1109 2145 1232 2195 Cum
1262 2153 1426 2194 autem
1455 2144 1654 2191 victima
1681 2143 1741 2191 ad
1771 2142 1947 2191 libram

106 2230 509 2295 appendebatur,
555 2231 931 2278 circumstantes
970 2228 1275 2289 clamabant,
1319 2232 1497 2289 μεῖον,
1533 2231 1712 2288 μεῖον,
1763 2226 1945 2288 signifi-

106 2319 274 2361 cantes
301 2330 411 2361 eam
429 2314 561 2378 justo
590 2313 807 2379 pondere
833 2313 1070 2363 minorem
1098 2329 1217 2361 esse.

251 2395 325 2445 Cf.
355 2397 537 2447 Lexica
564 2397 766 2463 Seguer.
795 2416 842 2462 p.
871 2397 987 2445 279.

889 2513 989 2566 Ad
1013 2514 1167 2567 480.

250 2609 423 2661 Suidas
452 2630 486 2661 s.
516 2630 560 2660 v.
589 2613 824 2659 Χαλκεῖα
843 2630 857 2657 .·
886 2611 1090 2661 Sacrum
1116 2610 1502 2671 Atheniensium,
1531 2608 1661 2673 quod
1690 2609 1772 2657 alii
1799 2607 1946 2659 Athe-

106 2712 232 2743 naea
258 2703 465 2755 vocant,
506 2696 586 2743 alii
627 2692 933 2757 Πάνδημον,
975 2695 1107 2760 quod
1147 2695 1208 2744 ab
1250 2694 1475 2743 universo
1516 2691 1700 2758 populo
1729 2693 1945 2741 celebra-

106 2777 266 2826 batur.
295 2805 361 2811 —
391 2777 595 2827 Sacrum
623 2779 736 2827 olim
763 2780 961 2844 quidem
987 2779 1225 2844 populare
1254 2785 1301 2826 et
1328 2777 1597 2841 antiquum,
1627 2782 1800 2840 postea
1828 2792 1943 2823 vero

106 2878 135 2908 a
162 2861 275 2911 solis
312 2862 581 2910 artificibus
624 2863 861 2911 celebrari
898 2862 1085 2927 coepit,
1128 2861 1258 2926 quod
1286 2860 1539 2909 Vulcanus
1579 2859 1629 2906 in
1657 2857 1824 2906 Attica
1861 2875 1944 2906 aes

107 2941 366 3005 (χαλκόν)
396 2945 622 2993 cudisset.
672 2946 788 2994 Dies
815 2953 978 2994 autem
1007 2952 1111 2993 erat
1137 2946 1336 2993 ultimus
1363 2943 1543 2992 mensis
1571 2942 1944 3008 Pyanepsionis,

109 3042 203 3089 quo
232 3028 377 3077 etiam
405 3028 683 3077 sacerdotes
711 3046 821 3077 cum
849 3028 1176 3093 Arrhephoris
1203 3026 1404 3092 peplum
1432 3025 1681 3075 texebant.

888 3168 987 3221 Ad
1023 3168 1165 3220 481.

252 3263 426 3315 Suidas
453 3284 489 3316 s,
517 3285 560 3316 v.
590 3261 1000 3327 Μαιμακτηριών
1018 3284 1032 3310 .·
1072 3264 1284 3324 Quintus
1311 3263 1491 3312 mensis
1517 3263 1650 3329 apud
1677 3262 1943 3313 Athenien-

110 3364 212 3408 ses,
255 3348 358 3397 sive
384 3349 679 3410 Januarius,
718 3348 788 3396 sic
830 3347 989 3397 dictus
1029 3347 1090 3396 ab
1130 3347 1262 3396 Jove
1295 3346 1580 3396 Maemacte.
1634 3341 1942 3406 Μαιμάκτης
