2161 3673
249 221 315 268 60
962 232 1040 264 JUS
1065 227 1340 261 PUBLICUM.

1096 353 1212 401 226.

389 447 463 495 Ne
489 445 632 493 liceat
658 462 686 493 a
711 442 891 508 populo
919 444 1137 487 creatum
1175 435 1287 500 plus
1314 452 1462 500 quam
1487 434 1637 484 semel
1664 449 1771 484 esse
1798 434 2068 501 syndicum.

1101 541 1215 590 227.

386 628 753 693 Λαμβάνουσιν
793 627 838 671 οἱ
879 622 1074 687 ῥήτορες
1109 619 1369 685 δραχμὴν,
1411 619 1492 669 ὅτε
1535 620 1906 687 συνηγοροῦσιν
1942 616 2070 685 ὑπὲρ

246 716 328 772 τῆς
354 712 549 766 πόλεως.
954 707 1143 768 (Schol.
1170 707 1221 755 in
1246 705 1561 770 Aristophan.
1589 705 1741 771 Vesp.
1770 706 1927 766 691.)

1093 814 1210 862 227.

384 902 617 951 Rhetores
645 898 928 948 drachmam
954 898 1226 963 accipiunt,
1272 913 1423 962 quum
1461 895 1647 945 civitati
1680 897 2067 962 patrocinantur.

1098 1004 1213 1052 228.

381 1083 708 1149 Δ1’ροιμμοιηύς
748 1081 776 1133 ὁ
819 1084 951 1133 κατὰ
992 1086 1300 1150 πρυτανείαν
1333 1086 1613 1151 κληρωθεὶς
1638 1079 1742 1132 ὑπὸ
1770 1083 1856 1141 τῆς
1880 1084 2068 1148 βουλῆς

241 1173 317 1217 ἐπὶ
350 1168 421 1233 τῴ
457 1165 517 1215 τὰ
555 1166 826 1234 γράμματα
865 1166 1138 1230 φυλάττειν
1177 1171 1266 1215 καὶ
1305 1166 1366 1215 τοὶ
1409 1168 1739 1232 ψηφίσματα·
1781 1170 1871 1214 καὶ
1908 1170 2069 1231 ἔτερος

240 1256 319 1302 ἐπὶ
346 1249 463 1307 τούς
490 1254 677 1314 νόμους
703 1247 807 1301 ὕπὸ
834 1252 917 1310 τῆς
942 1251 1131 1316 βουλῆς
1151 1249 1625 1315 χειροτονούμενος.
1670 1247 1738 1299 Ὃ
1766 1249 1814 1299 δὲ
1843 1245 1946 1300 ὑπὸ
1974 1250 2066 1299 τοῦ

240 1334 400 1399 δήμου
450 1337 667 1401 αἱρεθεὶς
716 1332 1036 1402 γραμματεύς
1088 1332 1429 1403 ἀναγινώσκει
1480 1334 1553 1399 τῷ
1595 1355 1647 1383 τε
1687 1332 1828 1399 δήμῳ
1868 1337 1958 1381 καὶ
2008 1334 2070 1398 τῇ

239 1418 413 1483 βουλῇ.
1417 1418 1625 1483 (Pollux
1652 1419 1788 1482 VIII,
1818 1419 1927 1479 98.)

1097 1492 1210 1540 228.

379 1574 550 1624 Scriba
586 1577 731 1641 juxta
769 1576 1048 1641 prytaniam
1088 1593 1116 1624 a
1156 1582 1329 1623 senatu
1367 1581 1496 1623 sorte
1537 1574 1735 1638 eligitur
1772 1574 1834 1624 ad
1873 1574 2068 1623 tabulas

240 1659 502 1708 servandas
529 1666 578 1707 et
604 1659 828 1719 decreta,
869 1658 1111 1708 secundus
1150 1658 1211 1707 ad
1247 1658 1384 1721 leges
1410 1675 1438 1705 a
1464 1664 1638 1706 senatu
1666 1674 1754 1723 per
1779 1658 2067 1722 suffragium

240 1741 481 1790 delectus:
521 1742 606 1792 sed
641 1760 668 1791 a
695 1742 880 1808 populo
909 1742 1090 1790 electus
1115 1741 1277 1790 scriba
1302 1742 1489 1807 populo
1517 1748 1565 1790 et
1591 1742 1782 1791 senatui
1808 1741 2066 1807 praelegit.

370 1929 462 1980 Ἐν
498 1932 557 1995 τῇ
597 1929 739 1997 θόλῳ
779 1930 1163 1981 σιτοδοτοῦνται
1202 1928 1302 1980 ἀπὸ
1341 1929 1435 1979 τοῦ
1476 1929 1722 1994 δημοσίου
1760 1937 2066 1998 γραμματεῖς

239 2016 286 2061 οἱ
305 2019 748 2079 χειροτονηθέντες
774 2019 834 2064 ἐκ
859 2014 943 2073 τῆς
970 2014 1170 2070 πόλεως.

762 2099 951 2161 (Schol.
979 2100 1028 2148 in
1057 2098 1310 2149 Demosth.
1340 2098 1445 2149 fals.
1473 2099 1621 2165 legat.
1650 2099 1767 2160 419,
1797 2098 1920 2160 26.)

1088 2206 1203 2254 229.

378 2290 435 2338 In
462 2289 597 2339 tholo
636 2289 883 2356 accipiunt
920 2289 1105 2338 victum
1143 2306 1202 2338 ex
1243 2288 1442 2354 publico
1483 2288 1698 2348 scribae,
1739 2290 1820 2353 qui
1854 2288 2064 2337 civitatis

245 2371 476 2435 suffragio
502 2378 613 2421 sunt
639 2371 794 2422 electi.
1089 2442 1191 2491 230

371 2518 742 2590 Ἀντιγραφεὺς
770 2519 799 2573 ὁ
831 2521 1286 2591 καταγραφόμενος
1313 2522 1373 2571 τά
1402 2528 1457 2573 ἐν
1481 2525 1538 2587 τῇ
1565 2524 1728 2588 βουλῇ
1756 2524 2013 2592 γινόμενα.

1065 2608 1287 2669 (Bekker
1313 2607 1496 2660 Aneed.
1524 2628 1595 2675 gr.
1623 2610 1659 2660 I.
1688 2629 1733 2676 p.
1764 2610 1922 2671 185.)

381 2794 803 2849 Contrarotulator
831 2798 996 2849 omnia
1022 2816 1146 2865 quae
1171 2799 1221 2848 in
1249 2807 1420 2849 senatu
1448 2807 1660 2864 aguntur
1687 2800 1931 2850 describit.

1091 2908 1207 2956 231.

373 2990 384 3005 ‘
402 3000 880 3062 Υπογραμματεῦσαι
899 2997 1003 3050 οὐκ
1019 3001 1172 3060 ἔξεστι
1190 2999 1262 3057 δὶς
1284 2997 1376 3048 τὸν
1403 2997 1563 3049 αὐτὸν
1588 3001 1649 3064 τῇ
1676 2999 1806 3065 ἀρχῇ
1834 3001 1891 3064 τῂ
1920 2999 2063 3065 αὐτῇ.

1047 3085 1248 3152 (Lysias
1276 3084 1384 3134 adv.
1410 3086 1693 3135 Nicomaeh.
1722 3084 1764 3152 ξ.
1795 3087 1921 3147 29.).

1089 3191 1205 3241 231.

377 3269 514 3318 Duos
542 3272 797 3320 continuos
825 3292 977 3325 annos
1004 3276 1053 3326 in
1082 3275 1253 3327 eodem
1279 3275 1566 3339 magistratu
1594 3275 1832 3325 scribat-us
1860 3294 2060 3331 munere

239 3349 376 3415 fungi
405 3369 465 3401 ne
493 3352 651 3403 liceat.
