<?xml version="1.0" encoding="UTF-8"?>
<!DOCTYPE html PUBLIC "-//W3C//DTD XHTML 1.0 Transitional//EN"
    "http://www.w3.org/TR/xhtml1/DTD/xhtml1-transitional.dtd">
<html xmlns="http://www.w3.org/1999/xhtml" xml:lang="en" lang="en">
 <head>
  <title>
</title>
<meta http-equiv="Content-Type" content="text/html;charset=utf-8" />
  <meta name='ocr-system' content='tesseract 3.04.00' />
  <meta name='ocr-capabilities' content='ocr_page ocr_carea ocr_par ocr_line ocrx_word'/>
</head>
<body>
  <div class='ocr_page' id='page_1' title='image "./synaggtnattiknno00tluoft_0542.png"; bbox 0 0 2114 3642; ppageno 0'>
   <div class='ocr_carea' id='block_1_1' title="bbox 184 211 1527 262">
    <p class='ocr_par' dir='ltr' id='par_1_1' title="bbox 184 211 1527 262">
     <span class='ocr_line' id='line_1_1' title="bbox 184 211 1527 262; baseline -0.004 0"><span class='ocrx_word' id='word_1_1' title='bbox 184 211 284 262; x_wconf 81' lang='lat'><strong>516</strong></span> <span class='ocrx_word' id='word_1_2' title='bbox 689 219 1098 258; x_wconf 61' lang='lat' dir='ltr'><strong>comxmermos</strong></span> <span class='ocrx_word' id='word_1_3' title='bbox 1128 220 1195 252; x_wconf 78' lang='lat' dir='ltr'><strong>Ar)</strong></span> <span class='ocrx_word' id='word_1_4' title='bbox 1225 220 1306 254; x_wconf 76' lang='lat'><strong>767.</strong></span> <span class='ocrx_word' id='word_1_5' title='bbox 1335 223 1416 256; x_wconf 80' lang='lat'><strong>769.</strong></span> <span class='ocrx_word' id='word_1_6' title='bbox 1448 224 1527 256; x_wconf 68' lang='lat'><strong>772.</strong></span> 
     </span>
    </p>
   </div>
   <div class='ocr_carea' id='block_1_2' title="bbox 169 350 2029 1653">
    <p class='ocr_par' dir='ltr' id='par_1_2' title="bbox 179 350 2026 499">
     <span class='ocr_line' id='line_1_2' title="bbox 179 350 2018 422; baseline -0.003 -17"><span class='ocrx_word' id='word_1_7' title='bbox 179 358 310 422; x_wconf 90' lang='lat' dir='ltr'><strong>quit,</strong></span> <span class='ocrx_word' id='word_1_8' title='bbox 362 355 678 404; x_wconf 84' lang='lat' dir='ltr'><strong>nundinis</strong></span> <span class='ocrx_word' id='word_1_9' title='bbox 717 350 930 416; x_wconf 86' lang='lat' dir='ltr'><strong>partis</strong></span> <span class='ocrx_word' id='word_1_10' title='bbox 969 357 1258 398; x_wconf 86' lang='lat' dir='ltr'><strong>secanto.</strong></span> <span class='ocrx_word' id='word_1_11' title='bbox 1310 350 1373 399; x_wconf 83' lang='lat' dir='ltr'><strong>Si</strong></span> <span class='ocrx_word' id='word_1_12' title='bbox 1414 351 1558 416; x_wconf 85' lang='lat' dir='ltr'><strong>plus</strong></span> <span class='ocrx_word' id='word_1_13' title='bbox 1598 351 1893 399; x_wconf 88' lang='lat' dir='ltr'><strong>minusve</strong></span> <span class='ocrx_word' id='word_1_14' title='bbox 1933 369 2018 399; x_wconf 83' lang='lat' dir='ltr'><strong>se-</strong></span> 
     </span>
     <span class='ocr_line' id='line_1_3' title="bbox 179 432 2026 499; baseline -0.002 -12"><span class='ocrx_word' id='word_1_15' title='bbox 179 447 484 499; x_wconf 84' lang='lat' dir='ltr'><strong>cuerunt,</strong></span> <span class='ocrx_word' id='word_1_16' title='bbox 524 456 588 484; x_wconf 81' lang='lat' dir='ltr'><strong>se</strong></span> <span class='ocrx_word' id='word_1_17' title='bbox 630 433 867 483; x_wconf 85' lang='lat' dir='ltr'><strong>fraude</strong></span> <span class='ocrx_word' id='word_1_18' title='bbox 907 440 1060 480; x_wconf 80' lang='lat' dir='ltr'><strong>esto,</strong></span> <span class='ocrx_word' id='word_1_19' title='bbox 1115 432 1334 492; x_wconf 75' lang='lat' dir='ltr'>(Gellius</span> <span class='ocrx_word' id='word_1_20' title='bbox 1374 436 1514 484; x_wconf 82' lang='lat' dir='ltr'><strong>Noct.</strong></span> <span class='ocrx_word' id='word_1_21' title='bbox 1558 432 1655 482; x_wconf 81' lang='lat' dir='ltr'><strong>Att.</strong></span> <span class='ocrx_word' id='word_1_22' title='bbox 1686 435 1797 495; x_wconf 83' lang='lat' dir='ltr'><strong>XX,</strong></span> <span class='ocrx_word' id='word_1_23' title='bbox 1848 437 1885 495; x_wconf 86' lang='lat'><strong>1,</strong></span> <span class='ocrx_word' id='word_1_24' title='bbox 1915 436 2026 493; x_wconf 82' lang='lat'><strong>45.)</strong></span> 
     </span>
    </p>

    <p class='ocr_par' dir='ltr' id='par_1_3' title="bbox 177 517 2029 752">
     <span class='ocr_line' id='line_1_4' title="bbox 323 517 2027 586; baseline -0.004 -15"><span class='ocrx_word' id='word_1_25' title='bbox 323 522 470 586; x_wconf 81' lang='lat' dir='ltr'><strong>Gaji</strong></span> <span class='ocrx_word' id='word_1_26' title='bbox 499 519 712 568; x_wconf 88' lang='lat' dir='ltr'><strong>Instit.</strong></span> <span class='ocrx_word' id='word_1_27' title='bbox 742 518 830 577; x_wconf 82' lang='lat' dir='ltr'>III,</span> <span class='ocrx_word' id='word_1_28' title='bbox 862 517 955 564; x_wconf 80' lang='lat'><strong>78:</strong></span> <span class='ocrx_word' id='word_1_29' title='bbox 997 517 1138 563; x_wconf 76' lang='lat' dir='ltr'><strong>Bona</strong></span> <span class='ocrx_word' id='word_1_30' title='bbox 1166 526 1384 566; x_wconf 80' lang='lat' dir='ltr'><strong>veneunt</strong></span> <span class='ocrx_word' id='word_1_31' title='bbox 1402 518 1742 583; x_wconf 87' lang='lat' dir='ltr'><strong>judicatorum</strong></span> <span class='ocrx_word' id='word_1_32' title='bbox 1771 526 1880 581; x_wconf 86' lang='lat' dir='ltr'><strong>post</strong></span> <span class='ocrx_word' id='word_1_33' title='bbox 1907 526 2027 566; x_wconf 87' lang='lat' dir='ltr'><strong>tem-</strong></span> 
     </span>
     <span class='ocr_line' id='line_1_5' title="bbox 179 599 2029 672; baseline -0.003 -18"><span class='ocrx_word' id='word_1_34' title='bbox 179 624 295 672; x_wconf 80' lang='lat' dir='ltr'><strong>pus,</strong></span> <span class='ocrx_word' id='word_1_35' title='bbox 339 604 469 668; x_wconf 87' lang='lat' dir='ltr'><strong>quod</strong></span> <span class='ocrx_word' id='word_1_36' title='bbox 497 603 562 650; x_wconf 84' lang='lat' dir='ltr'><strong>eis</strong></span> <span class='ocrx_word' id='word_1_37' title='bbox 591 601 769 666; x_wconf 87' lang='lat' dir='ltr'><strong>partim</strong></span> <span class='ocrx_word' id='word_1_38' title='bbox 796 601 907 663; x_wconf 83' lang='lat' dir='ltr'><strong>lege</strong></span> <span class='ocrx_word' id='word_1_39' title='bbox 935 601 1047 649; x_wconf 88' lang='lat' dir='ltr'>XII.</span> <span class='ocrx_word' id='word_1_40' title='bbox 1074 600 1366 649; x_wconf 87' lang='lat' dir='ltr'><strong>tabellarum</strong></span> <span class='ocrx_word' id='word_1_41' title='bbox 1394 601 1569 666; x_wconf 81' lang='lat' dir='ltr'><strong>partim</strong></span> <span class='ocrx_word' id='word_1_42' title='bbox 1600 599 1758 649; x_wconf 90' lang='lat' dir='ltr'><strong>edicto</strong></span> <span class='ocrx_word' id='word_1_43' title='bbox 1787 602 2029 666; x_wconf 76' lang='lat' dir='ltr'><strong>praetoris</strong></span> 
     </span>
     <span class='ocr_line' id='line_1_6' title="bbox 177 683 1185 752; baseline -0.007 -14"><span class='ocrx_word' id='word_1_44' title='bbox 177 690 239 738; x_wconf 88' lang='lat' dir='ltr'><strong>ad</strong></span> <span class='ocrx_word' id='word_1_45' title='bbox 268 684 623 752; x_wconf 84' lang='lat' dir='ltr'><strong>expediendam</strong></span> <span class='ocrx_word' id='word_1_46' title='bbox 651 684 913 748; x_wconf 87' lang='lat' dir='ltr'><strong>pecuniam</strong></span> <span class='ocrx_word' id='word_1_47' title='bbox 940 683 1185 731; x_wconf 79' lang='lat' dir='ltr'><strong>tribuitur.</strong></span> 
     </span>
    </p>

    <p class='ocr_par' dir='ltr' id='par_1_4' title="bbox 169 768 2027 1653">
     <span class='ocr_line' id='line_1_7' title="bbox 320 768 2027 834; baseline -0.002 -15"><span class='ocrx_word' id='word_1_48' title='bbox 320 771 401 820; x_wconf 88' lang='lat' dir='ltr'><strong>Id.</strong></span> <span class='ocrx_word' id='word_1_49' title='bbox 431 769 517 829; x_wconf 86' lang='lat' dir='ltr'><strong>IV,</strong></span> <span class='ocrx_word' id='word_1_50' title='bbox 548 770 607 816; x_wconf 85' lang='lat'><strong>21</strong></span> <span class='ocrx_word' id='word_1_51' title='bbox 632 787 641 816; x_wconf 91' lang='lat'>:</span> <span class='ocrx_word' id='word_1_52' title='bbox 681 768 777 816; x_wconf 89' lang='lat' dir='ltr'><strong>Per</strong></span> <span class='ocrx_word' id='word_1_53' title='bbox 816 786 989 816; x_wconf 87' lang='lat' dir='ltr'><strong>manus</strong></span> <span class='ocrx_word' id='word_1_54' title='bbox 1021 769 1337 832; x_wconf 77' lang='lat' dir='ltr'><strong>injectionem</strong></span> <span class='ocrx_word' id='word_1_55' title='bbox 1365 786 1518 834; x_wconf 87' lang='lat' dir='ltr'><strong>aeque</strong></span> <span class='ocrx_word' id='word_1_56' title='bbox 1547 768 1606 817; x_wconf 88' lang='lat' dir='ltr'><strong>de</strong></span> <span class='ocrx_word' id='word_1_57' title='bbox 1635 769 1708 817; x_wconf 75' lang='lat' dir='ltr'><strong>his</strong></span> <span class='ocrx_word' id='word_1_58' title='bbox 1737 768 1885 816; x_wconf 86' lang='lat' dir='ltr'><strong>rebus</strong></span> <span class='ocrx_word' id='word_1_59' title='bbox 1913 784 2027 831; x_wconf 87' lang='lat' dir='ltr'><strong>age-</strong></span> 
     </span>
     <span class='ocr_line' id='line_1_8' title="bbox 177 852 2027 918; baseline -0.003 -14"><span class='ocrx_word' id='word_1_60' title='bbox 177 857 331 904; x_wconf 89' lang='lat' dir='ltr'><strong>batur.</strong></span> <span class='ocrx_word' id='word_1_61' title='bbox 384 853 457 900; x_wconf 87' lang='lat' dir='ltr'><strong>De</strong></span> <span class='ocrx_word' id='word_1_62' title='bbox 485 852 659 917; x_wconf 79' lang='lat' dir='ltr'><strong>quibus</strong></span> <span class='ocrx_word' id='word_1_63' title='bbox 688 860 739 900; x_wconf 89' lang='lat' dir='ltr'><strong>ut</strong></span> <span class='ocrx_word' id='word_1_64' title='bbox 765 852 833 900; x_wconf 87' lang='lat' dir='ltr'><strong>ita</strong></span> <span class='ocrx_word' id='word_1_65' title='bbox 859 859 1115 914; x_wconf 76' lang='lat' dir='ltr'><strong>ageretur,</strong></span> <span class='ocrx_word' id='word_1_66' title='bbox 1158 852 1266 916; x_wconf 80' lang='lat' dir='ltr'><strong>lege</strong></span> <span class='ocrx_word' id='word_1_67' title='bbox 1307 853 1472 918; x_wconf 83' lang='lat' dir='ltr'><strong>aliqua</strong></span> <span class='ocrx_word' id='word_1_68' title='bbox 1513 860 1711 901; x_wconf 88' lang='lat' dir='ltr'><strong>cautum</strong></span> <span class='ocrx_word' id='word_1_69' title='bbox 1751 860 1851 911; x_wconf 86' lang='lat' dir='ltr'><strong>est,</strong></span> <span class='ocrx_word' id='word_1_70' title='bbox 1894 852 2027 899; x_wconf 86' lang='lat' dir='ltr'><strong>velut</strong></span> 
     </span>
     <span class='ocr_line' id='line_1_9' title="bbox 169 935 2024 1003; baseline -0.002 -18"><span class='ocrx_word' id='word_1_71' title='bbox 169 937 374 1003; x_wconf 86' lang='lat' dir='ltr'><strong>judicati</strong></span> <span class='ocrx_word' id='word_1_72' title='bbox 402 936 511 998; x_wconf 81' lang='lat' dir='ltr'><strong>lege</strong></span> <span class='ocrx_word' id='word_1_73' title='bbox 541 936 652 984; x_wconf 88' lang='lat' dir='ltr'><strong>XII.</strong></span> <span class='ocrx_word' id='word_1_74' title='bbox 682 935 986 996; x_wconf 81' lang='lat' dir='ltr'><strong>tabularum,</strong></span> <span class='ocrx_word' id='word_1_75' title='bbox 1029 953 1153 999; x_wconf 89' lang='lat' dir='ltr'><strong>quae</strong></span> <span class='ocrx_word' id='word_1_76' title='bbox 1194 936 1322 984; x_wconf 88' lang='lat' dir='ltr'><strong>actio</strong></span> <span class='ocrx_word' id='word_1_77' title='bbox 1361 936 1471 983; x_wconf 87' lang='lat' dir='ltr'><strong>talis</strong></span> <span class='ocrx_word' id='word_1_78' title='bbox 1507 944 1626 984; x_wconf 88' lang='lat' dir='ltr'><strong>erat.</strong></span> <span class='ocrx_word' id='word_1_79' title='bbox 1679 936 1775 997; x_wconf 81' lang='lat' dir='ltr'><strong>Qui</strong></span> <span class='ocrx_word' id='word_1_80' title='bbox 1816 935 2024 999; x_wconf 61' lang='lat' dir='ltr'><strong>agebat.</strong></span> 
     </span>
     <span class='ocr_line' id='line_1_10' title="bbox 174 1018 2024 1083; baseline -0.002 -15"><span class='ocrx_word' id='word_1_81' title='bbox 174 1022 242 1070; x_wconf 83' lang='lat' dir='ltr'><strong>sic</strong></span> <span class='ocrx_word' id='word_1_82' title='bbox 270 1019 493 1068; x_wconf 88' lang='lat' dir='ltr'><strong>dicebat:</strong></span> <span class='ocrx_word' id='word_1_83' title='bbox 533 1019 700 1083; x_wconf 88' lang='lat' dir='ltr'><strong>quod</strong></span> <span class='ocrx_word' id='word_1_84' title='bbox 735 1028 798 1067; x_wconf 90' lang='lat' dir='ltr'><strong>tu</strong></span> <span class='ocrx_word' id='word_1_85' title='bbox 828 1019 980 1067; x_wconf 87' lang='lat' dir='ltr'><strong>mihi</strong></span> <span class='ocrx_word' id='word_1_86' title='bbox 1012 1018 1358 1083; x_wconf 82' lang='lat' dir='ltr'><strong>judicatus</strong></span> <span class='ocrx_word' id='word_1_87' title='bbox 1398 1018 1537 1066; x_wconf 84' lang='lat' dir='ltr'><strong>sive</strong></span> <span class='ocrx_word' id='word_1_88' title='bbox 1578 1018 1923 1066; x_wconf 80' lang='lat' dir='ltr'><strong>damnatus</strong></span> <span class='ocrx_word' id='word_1_89' title='bbox 1960 1035 2024 1064; x_wconf 82' lang='lat' dir='ltr'><strong>es</strong></span> 
     </span>
     <span class='ocr_line' id='line_1_11' title="bbox 174 1100 2020 1166; baseline -0.002 -14"><span class='ocrx_word' id='word_1_90' title='bbox 174 1104 554 1152; x_wconf 84' lang='lat' dir='ltr'><strong>sestertium</strong></span> <span class='ocrx_word' id='word_1_91' title='bbox 592 1103 640 1151; x_wconf 88' lang='lat' dir='ltr'>X</span> <span class='ocrx_word' id='word_1_92' title='bbox 678 1103 884 1164; x_wconf 76' lang='lat' dir='ltr'><strong>milia,</strong></span> <span class='ocrx_word' id='word_1_93' title='bbox 925 1119 1086 1166; x_wconf 84' lang='lat' dir='ltr'><strong>quae</strong></span> <span class='ocrx_word' id='word_1_94' title='bbox 1128 1100 1200 1150; x_wconf 89' lang='lat' dir='ltr'><strong>ad</strong></span> <span class='ocrx_word' id='word_1_95' title='bbox 1250 1101 1367 1150; x_wconf 91' lang='lat' dir='ltr'><strong>hoc</strong></span> <span class='ocrx_word' id='word_1_96' title='bbox 1420 1119 1542 1149; x_wconf 88' lang='lat' dir='ltr'><strong>non</strong></span> <span class='ocrx_word' id='word_1_97' title='bbox 1594 1101 1889 1161; x_wconf 87' lang='lat' dir='ltr'><strong>solvisti,</strong></span> <span class='ocrx_word' id='word_1_98' title='bbox 1945 1101 2020 1149; x_wconf 91' lang='lat' dir='ltr'><strong>ob</strong></span> 
     </span>
     <span class='ocr_line' id='line_1_12' title="bbox 176 1183 2022 1250; baseline -0.002 -15"><span class='ocrx_word' id='word_1_99' title='bbox 176 1205 310 1237; x_wconf 87' lang='lat' dir='ltr'><strong>eam</strong></span> <span class='ocrx_word' id='word_1_100' title='bbox 360 1203 487 1235; x_wconf 89' lang='lat' dir='ltr'><strong>rem</strong></span> <span class='ocrx_word' id='word_1_101' title='bbox 540 1204 657 1250; x_wconf 83' lang='lat' dir='ltr'><strong>ego</strong></span> <span class='ocrx_word' id='word_1_102' title='bbox 709 1185 830 1233; x_wconf 90' lang='lat' dir='ltr'><strong>tibi</strong></span> <span class='ocrx_word' id='word_1_103' title='bbox 890 1185 1282 1233; x_wconf 78' lang='lat' dir='ltr'><strong>sestertium</strong></span> <span class='ocrx_word' id='word_1_104' title='bbox 1333 1186 1379 1233; x_wconf 93' lang='lat' dir='ltr'>X</span> <span class='ocrx_word' id='word_1_105' title='bbox 1439 1185 1686 1232; x_wconf 85' lang='lat' dir='ltr'><strong>milium</strong></span> <span class='ocrx_word' id='word_1_106' title='bbox 1729 1183 2022 1248; x_wconf 89' lang='lat' dir='ltr'><strong>judicati</strong></span> 
     </span>
     <span class='ocr_line' id='line_1_13' title="bbox 176 1268 2023 1334; baseline -0.002 -14"><span class='ocrx_word' id='word_1_107' title='bbox 176 1287 426 1320; x_wconf 85' lang='lat' dir='ltr'><strong>manum</strong></span> <span class='ocrx_word' id='word_1_108' title='bbox 465 1269 700 1328; x_wconf 82' lang='lat' dir='ltr'><strong>inicio,</strong></span> <span class='ocrx_word' id='word_1_109' title='bbox 740 1277 789 1316; x_wconf 92' lang='lat' dir='ltr'><strong>et</strong></span> <span class='ocrx_word' id='word_1_110' title='bbox 828 1269 973 1317; x_wconf 85' lang='lat' dir='ltr'><strong>simul</strong></span> <span class='ocrx_word' id='word_1_111' title='bbox 1013 1269 1228 1332; x_wconf 80' lang='lat' dir='ltr'><strong>aliquam</strong></span> <span class='ocrx_word' id='word_1_112' title='bbox 1271 1276 1465 1334; x_wconf 87' lang='lat' dir='ltr'><strong>partem</strong></span> <span class='ocrx_word' id='word_1_113' title='bbox 1503 1268 1723 1333; x_wconf 85' lang='lat' dir='ltr'><strong>corporis</strong></span> <span class='ocrx_word' id='word_1_114' title='bbox 1751 1268 1853 1332; x_wconf 84' lang='lat' dir='ltr'><strong>ejus</strong></span> <span class='ocrx_word' id='word_1_115' title='bbox 1881 1284 2023 1331; x_wconf 67' lang='lat' dir='ltr'><strong>pren-</strong></span> 
     </span>
     <span class='ocr_line' id='line_1_14' title="bbox 173 1351 2023 1416; baseline -0.003 -13"><span class='ocrx_word' id='word_1_116' title='bbox 173 1354 351 1416; x_wconf 83' lang='lat' dir='ltr'><strong>debat;</strong></span> <span class='ocrx_word' id='word_1_117' title='bbox 390 1369 481 1401; x_wconf 85' lang='lat' dir='ltr'><strong>nec</strong></span> <span class='ocrx_word' id='word_1_118' title='bbox 520 1351 698 1400; x_wconf 83' lang='lat' dir='ltr'><strong>licebat</strong></span> <span class='ocrx_word' id='word_1_119' title='bbox 728 1351 952 1416; x_wconf 87' lang='lat' dir='ltr'><strong>judicato</strong></span> <span class='ocrx_word' id='word_1_120' title='bbox 992 1369 1193 1400; x_wconf 85' lang='lat' dir='ltr'><strong>manum</strong></span> <span class='ocrx_word' id='word_1_121' title='bbox 1233 1351 1324 1399; x_wconf 88' lang='lat' dir='ltr'><strong>sibi</strong></span> <span class='ocrx_word' id='word_1_122' title='bbox 1366 1351 1615 1416; x_wconf 85' lang='lat' dir='ltr'><strong>depellere</strong></span> <span class='ocrx_word' id='word_1_123' title='bbox 1643 1359 1690 1398; x_wconf 88' lang='lat' dir='ltr'><strong>et</strong></span> <span class='ocrx_word' id='word_1_124' title='bbox 1718 1369 1807 1415; x_wconf 90' lang='lat' dir='ltr'><strong>pro</strong></span> <span class='ocrx_word' id='word_1_125' title='bbox 1836 1368 1885 1398; x_wconf 88' lang='lat' dir='ltr'><strong>se</strong></span> <span class='ocrx_word' id='word_1_126' title='bbox 1913 1352 2023 1414; x_wconf 84' lang='lat' dir='ltr'><strong>lege</strong></span> 
     </span>
     <span class='ocr_line' id='line_1_15' title="bbox 173 1433 2026 1502; baseline -0.004 -15"><span class='ocrx_word' id='word_1_127' title='bbox 173 1455 349 1502; x_wconf 82' lang='lat' dir='ltr'><strong>agere,</strong></span> <span class='ocrx_word' id='word_1_128' title='bbox 390 1436 476 1485; x_wconf 83' lang='lat' dir='ltr'><strong>sed</strong></span> <span class='ocrx_word' id='word_1_129' title='bbox 505 1435 753 1483; x_wconf 84' lang='lat' dir='ltr'><strong>vindicem</strong></span> <span class='ocrx_word' id='word_1_130' title='bbox 781 1434 957 1493; x_wconf 76' lang='lat' dir='ltr'><strong>dabat,</strong></span> <span class='ocrx_word' id='word_1_131' title='bbox 1000 1436 1080 1498; x_wconf 91' lang='lat' dir='ltr'><strong>qui</strong></span> <span class='ocrx_word' id='word_1_132' title='bbox 1122 1453 1212 1500; x_wconf 90' lang='lat' dir='ltr'><strong>pro</strong></span> <span class='ocrx_word' id='word_1_133' title='bbox 1240 1452 1291 1482; x_wconf 91' lang='lat' dir='ltr'><strong>se</strong></span> <span class='ocrx_word' id='word_1_134' title='bbox 1319 1452 1514 1483; x_wconf 85' lang='lat' dir='ltr'><strong>causam</strong></span> <span class='ocrx_word' id='word_1_135' title='bbox 1543 1451 1691 1497; x_wconf 81' lang='lat' dir='ltr'><strong>agere</strong></span> <span class='ocrx_word' id='word_1_136' title='bbox 1719 1433 1936 1482; x_wconf 82' lang='lat' dir='ltr'><strong>solebat:</strong></span> <span class='ocrx_word' id='word_1_137' title='bbox 1977 1444 2026 1482; x_wconf 81' lang='lat' dir='ltr'><strong>at</strong></span> 
     </span>
     <span class='ocr_line' id='line_1_16' title="bbox 173 1519 2024 1585; baseline -0.001 -17"><span class='ocrx_word' id='word_1_138' title='bbox 173 1521 254 1585; x_wconf 87' lang='lat' dir='ltr'><strong>qui</strong></span> <span class='ocrx_word' id='word_1_139' title='bbox 295 1520 541 1568; x_wconf 83' lang='lat' dir='ltr'><strong>vindicem</strong></span> <span class='ocrx_word' id='word_1_140' title='bbox 584 1538 683 1567; x_wconf 85' lang='lat' dir='ltr'><strong>non</strong></span> <span class='ocrx_word' id='word_1_141' title='bbox 734 1519 908 1581; x_wconf 87' lang='lat' dir='ltr'><strong>dabat,</strong></span> <span class='ocrx_word' id='word_1_142' title='bbox 962 1520 1160 1569; x_wconf 87' lang='lat' dir='ltr'><strong>domum</strong></span> <span class='ocrx_word' id='word_1_143' title='bbox 1213 1519 1485 1568; x_wconf 82' lang='lat' dir='ltr'><strong>ducebatur</strong></span> <span class='ocrx_word' id='word_1_144' title='bbox 1525 1519 1587 1566; x_wconf 87' lang='lat' dir='ltr'><strong>ab</strong></span> <span class='ocrx_word' id='word_1_145' title='bbox 1629 1527 1792 1567; x_wconf 83' lang='lat' dir='ltr'><strong>actore</strong></span> <span class='ocrx_word' id='word_1_146' title='bbox 1833 1526 1880 1567; x_wconf 89' lang='lat' dir='ltr'><strong>et</strong></span> <span class='ocrx_word' id='word_1_147' title='bbox 1918 1519 2024 1566; x_wconf 79' lang='lat' dir='ltr'><strong>vin-</strong></span> 
     </span>
     <span class='ocr_line' id='line_1_17' title="bbox 174 1600 817 1653; baseline -0.005 0"><span class='ocrx_word' id='word_1_148' title='bbox 174 1605 408 1653; x_wconf 82' lang='lat' dir='ltr'><strong>ciebatur.</strong></span> <span class='ocrx_word' id='word_1_149' title='bbox 813 1600 817 1602; x_wconf 33' lang='grc'><strong>“</strong></span> 
     </span>
    </p>
   </div>
   <div class='ocr_carea' id='block_1_3' title="bbox 957 1672 1240 1725">
    <p class='ocr_par' dir='ltr' id='par_1_5' title="bbox 957 1672 1240 1725">
     <span class='ocr_line' id='line_1_18' title="bbox 957 1672 1240 1725; baseline 0.004 -1"><span class='ocrx_word' id='word_1_150' title='bbox 957 1672 1056 1724; x_wconf 81' lang='lat' dir='ltr'><strong>Ad</strong></span> <span class='ocrx_word' id='word_1_151' title='bbox 1089 1674 1240 1725; x_wconf 83' lang='grc'><strong>769.</strong></span> 
     </span>
    </p>
   </div>
   <div class='ocr_carea' id='block_1_4' title="bbox 171 1782 2023 2659">
    <p class='ocr_par' dir='ltr' id='par_1_6' title="bbox 171 1782 2023 1934">
     <span class='ocr_line' id='line_1_19' title="bbox 314 1782 2023 1848; baseline 0 -17"><span class='ocrx_word' id='word_1_152' title='bbox 314 1783 667 1846; x_wconf 80' lang='lat' dir='ltr'><strong>Intelliguntur</strong></span> <span class='ocrx_word' id='word_1_153' title='bbox 706 1782 890 1848; x_wconf 78' lang='lat' dir='ltr'><strong>publici</strong></span> <span class='ocrx_word' id='word_1_154' title='bbox 938 1782 1138 1845; x_wconf 79' lang='lat' dir='ltr'><strong>arbitri3</strong></span> <span class='ocrx_word' id='word_1_155' title='bbox 1189 1800 1217 1831; x_wconf 89' lang='lat' dir='ltr'><strong>a</strong></span> <span class='ocrx_word' id='word_1_156' title='bbox 1257 1782 1463 1847; x_wconf 84' lang='lat' dir='ltr'><strong>privatis</strong></span> <span class='ocrx_word' id='word_1_157' title='bbox 1504 1783 1635 1831; x_wconf 85' lang='lat' dir='ltr'><strong>enim</strong></span> <span class='ocrx_word' id='word_1_158' title='bbox 1673 1801 1774 1831; x_wconf 82' lang='lat' dir='ltr'><strong>non</strong></span> <span class='ocrx_word' id='word_1_159' title='bbox 1813 1782 2023 1832; x_wconf 87' lang='lat' dir='ltr'><strong>dabatur</strong></span> 
     </span>
     <span class='ocr_line' id='line_1_20' title="bbox 171 1868 454 1934; baseline -0.011 -17"><span class='ocrx_word' id='word_1_160' title='bbox 171 1868 454 1934; x_wconf 85' lang='lat' dir='ltr'><strong>appellatio.</strong></span> 
     </span>
    </p>

    <p class='ocr_par' dir='ltr' id='par_1_7' title="bbox 171 1949 2022 2183">
     <span class='ocr_line' id='line_1_21' title="bbox 315 1949 2022 2015; baseline -0.001 -16"><span class='ocrx_word' id='word_1_161' title='bbox 315 1950 560 1999; x_wconf 84' lang='lat' dir='ltr'><strong>Plutarch.</strong></span> <span class='ocrx_word' id='word_1_162' title='bbox 591 1950 756 1998; x_wconf 84' lang='lat' dir='ltr'><strong>Solon.</strong></span> <span class='ocrx_word' id='word_1_163' title='bbox 790 1950 877 1998; x_wconf 78' lang='lat'><strong>18:</strong></span> <span class='ocrx_word' id='word_1_164' title='bbox 907 1951 1130 2010; x_wconf 78' lang='lat' dir='ltr'><strong>Quarum</strong></span> <span class='ocrx_word' id='word_1_165' title='bbox 1157 1967 1416 1999; x_wconf 86' lang='lat' dir='ltr'><strong>causarum</strong></span> <span class='ocrx_word' id='word_1_166' title='bbox 1436 1949 1626 2015; x_wconf 85' lang='lat' dir='ltr'><strong>judicia</strong></span> <span class='ocrx_word' id='word_1_167' title='bbox 1653 1951 2022 2014; x_wconf 82' lang='lat' dir='ltr'><strong>magistratibus</strong></span> 
     </span>
     <span class='ocr_line' id='line_1_22' title="bbox 171 2033 2020 2099; baseline -0.002 -16"><span class='ocrx_word' id='word_1_168' title='bbox 171 2035 343 2083; x_wconf 87' lang='lat' dir='ltr'><strong>tribuit</strong></span> <span class='ocrx_word' id='word_1_169' title='bbox 378 2033 555 2094; x_wconf 83' lang='lat' dir='ltr'><strong>Solon,</strong></span> <span class='ocrx_word' id='word_1_170' title='bbox 597 2051 763 2082; x_wconf 87' lang='lat' dir='ltr'><strong>earum</strong></span> <span class='ocrx_word' id='word_1_171' title='bbox 802 2033 1162 2083; x_wconf 81' lang='lat' dir='ltr'><strong>concedebatur</strong></span> <span class='ocrx_word' id='word_1_172' title='bbox 1188 2035 1244 2081; x_wconf 85' lang='lat' dir='ltr'><strong>iis</strong></span> <span class='ocrx_word' id='word_1_173' title='bbox 1273 2035 1354 2098; x_wconf 90' lang='lat' dir='ltr'><strong>qui</strong></span> <span class='ocrx_word' id='word_1_174' title='bbox 1384 2035 1570 2082; x_wconf 87' lang='lat' dir='ltr'><strong>vellent</strong></span> <span class='ocrx_word' id='word_1_175' title='bbox 1599 2052 1626 2082; x_wconf 85' lang='lat' dir='ltr'><strong>a</strong></span> <span class='ocrx_word' id='word_1_176' title='bbox 1655 2034 2020 2099; x_wconf 80' lang='lat' dir='ltr'><strong>magistratibus</strong></span> 
     </span>
     <span class='ocr_line' id='line_1_23' title="bbox 172 2117 779 2183; baseline -0.002 -17"><span class='ocrx_word' id='word_1_177' title='bbox 172 2118 232 2167; x_wconf 89' lang='lat' dir='ltr'><strong>ad</strong></span> <span class='ocrx_word' id='word_1_178' title='bbox 253 2117 446 2183; x_wconf 86' lang='lat' dir='ltr'><strong>judices</strong></span> <span class='ocrx_word' id='word_1_179' title='bbox 474 2118 779 2182; x_wconf 85' lang='lat' dir='ltr'><strong>provocatio.</strong></span> 
     </span>
    </p>

    <p class='ocr_par' dir='ltr' id='par_1_8' title="bbox 171 2201 2018 2431">
     <span class='ocr_line' id='line_1_24' title="bbox 316 2201 2018 2268; baseline -0.001 -17"><span class='ocrx_word' id='word_1_180' title='bbox 316 2201 464 2268; x_wconf 86' lang='lat' dir='ltr'><strong>Apud</strong></span> <span class='ocrx_word' id='word_1_181' title='bbox 493 2202 744 2250; x_wconf 82' lang='lat' dir='ltr'><strong>Romanos</strong></span> <span class='ocrx_word' id='word_1_182' title='bbox 773 2201 834 2250; x_wconf 87' lang='lat' dir='ltr'><strong>ab</strong></span> <span class='ocrx_word' id='word_1_183' title='bbox 862 2203 995 2249; x_wconf 87' lang='lat' dir='ltr'><strong>omni</strong></span> <span class='ocrx_word' id='word_1_184' title='bbox 1015 2201 1203 2266; x_wconf 86' lang='lat' dir='ltr'><strong>judicio</strong></span> <span class='ocrx_word' id='word_1_185' title='bbox 1233 2219 1495 2268; x_wconf 85' lang='lat' dir='ltr'><strong>poenaque</strong></span> <span class='ocrx_word' id='word_1_186' title='bbox 1524 2202 1781 2268; x_wconf 76' lang='lat' dir='ltr'><strong>provocari</strong></span> <span class='ocrx_word' id='word_1_187' title='bbox 1809 2202 2018 2261; x_wconf 76' lang='lat' dir='ltr'><strong>licuisse,</strong></span> 
     </span>
     <span class='ocr_line' id='line_1_25' title="bbox 171 2284 2017 2350; baseline -0.001 -16"><span class='ocrx_word' id='word_1_188' title='bbox 171 2286 388 2334; x_wconf 87' lang='lat' dir='ltr'><strong>indicant</strong></span> <span class='ocrx_word' id='word_1_189' title='bbox 414 2287 527 2334; x_wconf 89' lang='lat' dir='ltr'><strong>XII.</strong></span> <span class='ocrx_word' id='word_1_190' title='bbox 557 2285 753 2333; x_wconf 87' lang='lat' dir='ltr'><strong>tabulae</strong></span> <span class='ocrx_word' id='word_1_191' title='bbox 782 2284 1117 2349; x_wconf 86' lang='lat' dir='ltr'><strong>compluribus</strong></span> <span class='ocrx_word' id='word_1_192' title='bbox 1144 2284 1350 2349; x_wconf 77' lang='lat' dir='ltr'><strong>legibus.</strong></span> <span class='ocrx_word' id='word_1_193' title='bbox 1381 2285 1642 2345; x_wconf 82' lang='lat' dir='ltr'><strong>(Cicero</strong></span> <span class='ocrx_word' id='word_1_194' title='bbox 1671 2285 1697 2333; x_wconf 91' lang='lat' dir='ltr'><strong>d</strong></span> <span class='ocrx_word' id='word_1_195' title='bbox 1716 2303 1739 2334; x_wconf 88' lang='lat' dir='ltr'><strong>e</strong></span> <span class='ocrx_word' id='word_1_196' title='bbox 1770 2303 1877 2350; x_wconf 89' lang='lat' dir='ltr'><strong>rep</strong></span> <span class='ocrx_word' id='word_1_197' title='bbox 1895 2286 2017 2334; x_wconf 89' lang='lat' dir='ltr'><strong>ubl.</strong></span> 
     </span>
     <span class='ocr_line' id='line_1_26' title="bbox 172 2370 484 2431; baseline -0.006 -12"><span class='ocrx_word' id='word_1_198' title='bbox 172 2371 234 2431; x_wconf 84' lang='lat' dir='ltr'>II,</span> <span class='ocrx_word' id='word_1_199' title='bbox 265 2370 345 2430; x_wconf 87' lang='lat'><strong>31,</strong></span> <span class='ocrx_word' id='word_1_200' title='bbox 377 2370 484 2428; x_wconf 71' lang='lat'><strong>54.)</strong></span> 
     </span>
    </p>

    <p class='ocr_par' dir='ltr' id='par_1_9' title="bbox 173 2452 2015 2598">
     <span class='ocr_line' id='line_1_27' title="bbox 315 2452 2015 2518; baseline -0.001 -16"><span class='ocrx_word' id='word_1_201' title='bbox 315 2454 370 2502; x_wconf 89' lang='lat' dir='ltr'><strong>Id</strong></span> <span class='ocrx_word' id='word_1_202' title='bbox 390 2454 496 2518; x_wconf 85' lang='lat' dir='ltr'><strong>jam</strong></span> <span class='ocrx_word' id='word_1_203' title='bbox 531 2459 765 2502; x_wconf 86' lang='lat' dir='ltr'><strong>statutum</strong></span> <span class='ocrx_word' id='word_1_204' title='bbox 802 2460 905 2500; x_wconf 88' lang='lat' dir='ltr'><strong>erat</strong></span> <span class='ocrx_word' id='word_1_205' title='bbox 932 2453 1042 2515; x_wconf 82' lang='lat' dir='ltr'><strong>lege</strong></span> <span class='ocrx_word' id='word_1_206' title='bbox 1072 2453 1271 2501; x_wconf 80' lang='lat' dir='ltr'><strong>Valeria</strong></span> <span class='ocrx_word' id='word_1_207' title='bbox 1311 2461 1358 2501; x_wconf 88' lang='lat' dir='ltr'><strong>et</strong></span> <span class='ocrx_word' id='word_1_208' title='bbox 1395 2453 1598 2501; x_wconf 87' lang='lat' dir='ltr'><strong>Aternia</strong></span> <span class='ocrx_word' id='word_1_209' title='bbox 1625 2453 1853 2518; x_wconf 86' lang='lat' dir='ltr'><strong>Tarpeia.</strong></span> <span class='ocrx_word' id='word_1_210' title='bbox 1894 2452 2015 2512; x_wconf 75' lang='lat' dir='ltr'><strong>(Id.</strong></span> 
     </span>
     <span class='ocr_line' id='line_1_28' title="bbox 173 2537 658 2598; baseline 0 -14"><span class='ocrx_word' id='word_1_211' title='bbox 173 2537 318 2585; x_wconf 85' lang='lat' dir='ltr'><strong>ibid.</strong></span> <span class='ocrx_word' id='word_1_212' title='bbox 348 2538 408 2596; x_wconf 87' lang='lat' dir='ltr'>II,</span> <span class='ocrx_word' id='word_1_213' title='bbox 438 2537 519 2598; x_wconf 79' lang='lat'><strong>35,</strong></span> <span class='ocrx_word' id='word_1_214' title='bbox 550 2538 658 2595; x_wconf 85' lang='lat'><strong>60.)</strong></span> 
     </span>
    </p>

    <p class='ocr_par' dir='ltr' id='par_1_10' title="bbox 955 2606 1236 2659">
     <span class='ocr_line' id='line_1_29' title="bbox 955 2606 1236 2659; baseline 0.004 -1"><span class='ocrx_word' id='word_1_215' title='bbox 955 2606 1054 2658; x_wconf 78' lang='lat' dir='ltr'><strong>Ad</strong></span> <span class='ocrx_word' id='word_1_216' title='bbox 1084 2608 1236 2659; x_wconf 86' lang='grc'>772.</span> 
     </span>
    </p>
   </div>
   <div class='ocr_carea' id='block_1_5' title="bbox 173 2709 2015 3441">
    <p class='ocr_par' dir='ltr' id='par_1_11' title="bbox 174 2709 2015 3107">
     <span class='ocr_line' id='line_1_30' title="bbox 316 2709 2015 2780; baseline -0.001 -16"><span class='ocrx_word' id='word_1_217' title='bbox 316 2716 478 2765; x_wconf 71' lang='lat' dir='ltr'>LCXIC.</span> <span class='ocrx_word' id='word_1_218' title='bbox 509 2715 711 2779; x_wconf 75' lang='lat' dir='ltr'><strong>Seguel&#39;.</strong></span> <span class='ocrx_word' id='word_1_219' title='bbox 742 2734 786 2780; x_wconf 86' lang='lat' dir='ltr'><strong>p.</strong></span> <span class='ocrx_word' id='word_1_220' title='bbox 817 2717 945 2764; x_wconf 69' lang='lat'>245:</span> <span class='ocrx_word' id='word_1_221' title='bbox 979 2713 1081 2779; x_wconf 63' lang='lat' dir='ltr'><strong>&#39;EQ</strong></span> <span class='ocrx_word' id='word_1_222' title='bbox 1100 2713 1173 2778; x_wconf 60' lang='lat' dir='ltr'><strong>¹2.st</strong></span> <span class='ocrx_word' id='word_1_223' title='bbox 1193 2738 1216 2773; x_wconf 75' lang='grc' dir='ltr'><em>η</em></span> <span class='ocrx_word' id='word_1_224' title='bbox 1237 2730 1286 2763; x_wconf 73' lang='grc' dir='ltr'><strong>ν’</strong></span> <span class='ocrx_word' id='word_1_225' title='bbox 1327 2714 1443 2773; x_wconf 71' lang='grc' dir='ltr'><strong>δίκη</strong></span> <span class='ocrx_word' id='word_1_226' title='bbox 1472 2717 1631 2771; x_wconf 65' lang='grc' dir='ltr'><strong>ἐστὶν,</strong></span> <span class='ocrx_word' id='word_1_227' title='bbox 1665 2709 1793 2762; x_wconf 72' lang='grc' dir='ltr'><strong>ὅταν</strong></span> <span class='ocrx_word' id='word_1_228' title='bbox 1813 2712 1885 2778; x_wconf 65' lang='grc' dir='ltr'><strong>μὴ</strong></span> <span class='ocrx_word' id='word_1_229' title='bbox 1919 2735 2015 2763; x_wconf 59' lang='lat' dir='ltr'><strong>noc&lt;</strong></span> 
     </span>
     <span class='ocr_line' id='line_1_31' title="bbox 175 2792 2013 2865; baseline 0.002 -23"><span class='ocrx_word' id='word_1_230' title='bbox 175 2795 369 2859; x_wconf 72' lang='grc' dir='ltr'>ρόντων</span> <span class='ocrx_word' id='word_1_231' title='bbox 408 2794 710 2860; x_wconf 35' lang='grc' dir='ltr'><strong>ἆιιιφοτέρων</strong></span> <span class='ocrx_word' id='word_1_232' title='bbox 750 2792 776 2845; x_wconf 72' lang='grc' dir='ltr'>ὁ</span> <span class='ocrx_word' id='word_1_233' title='bbox 820 2796 1061 2857; x_wconf 64' lang='grc' dir='ltr'><strong>δικαστής</strong></span> <span class='ocrx_word' id='word_1_234' title='bbox 1110 2796 1199 2857; x_wconf 64' lang='grc' dir='ltr'><strong>τὴν</strong></span> <span class='ocrx_word' id='word_1_235' title='bbox 1242 2797 1422 2863; x_wconf 53' lang='grc' dir='ltr'><em>ψῆφον</em></span> <span class='ocrx_word' id='word_1_236' title='bbox 1461 2801 1706 2865; x_wconf 67' lang='grc' dir='ltr'><strong>ἐπενέγκῃ</strong></span> <span class='ocrx_word' id='word_1_237' title='bbox 1748 2796 1880 2846; x_wconf 77' lang='grc' dir='ltr'><strong>κατά</strong></span> <span class='ocrx_word' id='word_1_238' title='bbox 1921 2799 2013 2845; x_wconf 64' lang='grc' dir='ltr'><strong>τοῦ</strong></span> 
     </span>
     <span class='ocr_line' id='line_1_32' title="bbox 176 2877 2015 2948; baseline 0.003 -23"><span class='ocrx_word' id='word_1_239' title='bbox 176 2877 406 2935; x_wconf 68' lang='grc' dir='ltr'><strong>ἀπόντος.</strong></span> <span class='ocrx_word' id='word_1_240' title='bbox 451 2882 814 2941; x_wconf 73' lang='lat' dir='ltr'><strong>(Contumacia.</strong></span> <span class='ocrx_word' id='word_1_241' title='bbox 844 2884 931 2931; x_wconf 68' lang='lat' dir='ltr'><strong>Est</strong></span> <span class='ocrx_word' id='word_1_242' title='bbox 958 2884 1110 2943; x_wconf 72' lang='lat' dir='ltr'><strong>actio,</strong></span> <span class='ocrx_word' id='word_1_243' title='bbox 1141 2901 1290 2947; x_wconf 86' lang='lat' dir='ltr'><strong>quum</strong></span> <span class='ocrx_word' id='word_1_244' title='bbox 1318 2901 1417 2931; x_wconf 90' lang='lat' dir='ltr'><strong>non</strong></span> <span class='ocrx_word' id='word_1_245' title='bbox 1447 2884 1847 2948; x_wconf 78' lang='lat' dir='ltr'><strong>comparentibus</strong></span> <span class='ocrx_word' id='word_1_246' title='bbox 1873 2884 2015 2931; x_wconf 79' lang='lat' dir='ltr'><strong>utris-</strong></span> 
     </span>
     <span class='ocr_line' id='line_1_33' title="bbox 175 2967 2014 3032; baseline 0.001 -20"><span class='ocrx_word' id='word_1_247' title='bbox 175 2981 267 3028; x_wconf 86' lang='lat' dir='ltr'><strong>que</strong></span> <span class='ocrx_word' id='word_1_248' title='bbox 303 2993 356 2996; x_wconf 35' lang='lat'><em>—————</em></span> <span class='ocrx_word' id='word_1_249' title='bbox 390 2967 487 3012; x_wconf 89' lang='lat' dir='ltr'><strong>imo</strong></span> <span class='ocrx_word' id='word_1_250' title='bbox 516 2967 677 3030; x_wconf 79' lang='lat' dir='ltr'><strong>potins</strong></span> <span class='ocrx_word' id='word_1_251' title='bbox 706 2984 803 3013; x_wconf 89' lang='lat' dir='ltr'><strong>non</strong></span> <span class='ocrx_word' id='word_1_252' title='bbox 832 2976 1152 3032; x_wconf 79' lang='lat' dir='ltr'><strong>comparente</strong></span> <span class='ocrx_word' id='word_1_253' title='bbox 1189 2969 1424 3015; x_wconf 71' lang='lat' dir='ltr'><strong>alterutro</strong></span> <span class='ocrx_word' id='word_1_254' title='bbox 1455 2997 1516 3001; x_wconf 29' lang='lat' dir='ltr'><strong>em</strong></span> <span class='ocrx_word' id='word_1_255' title='bbox 1540 2967 1694 3032; x_wconf 81' lang='lat' dir='ltr'><strong>judex</strong></span> <span class='ocrx_word' id='word_1_256' title='bbox 1722 2968 2014 3015; x_wconf 79' lang='lat' dir='ltr'><strong>sententiam</strong></span> 
     </span>
     <span class='ocr_line' id='line_1_34' title="bbox 174 3048 784 3107; baseline 0.003 -12"><span class='ocrx_word' id='word_1_257' title='bbox 174 3048 268 3095; x_wconf 82' lang='lat' dir='ltr'><strong>fert</strong></span> <span class='ocrx_word' id='word_1_258' title='bbox 295 3056 458 3095; x_wconf 77' lang='lat' dir='ltr'><strong>contra</strong></span> <span class='ocrx_word' id='word_1_259' title='bbox 488 3050 784 3107; x_wconf 80' lang='lat' dir='ltr'><strong>absentem.)</strong></span> 
     </span>
    </p>

    <p class='ocr_par' dir='ltr' id='par_1_12' title="bbox 173 3126 2013 3441">
     <span class='ocr_line' id='line_1_35' title="bbox 317 3126 2013 3196; baseline 0.002 -20"><span class='ocrx_word' id='word_1_260' title='bbox 317 3130 515 3178; x_wconf 72' lang='lat' dir='ltr'><strong>Suidas:</strong></span> <span class='ocrx_word' id='word_1_261' title='bbox 549 3127 607 3176; x_wconf 66' lang='lat'><strong>&#39;13</strong></span> <span class='ocrx_word' id='word_1_262' title='bbox 624 3129 739 3193; x_wconf 74' lang='grc' dir='ltr'><strong>ρήμ</strong></span> <span class='ocrx_word' id='word_1_263' title='bbox 761 3152 784 3189; x_wconf 82' lang='grc' dir='ltr'>η</span> <span class='ocrx_word' id='word_1_264' title='bbox 825 3130 1001 3188; x_wconf 45' lang='grc' dir='ltr'><strong>δίκῃ</strong></span> <span class='ocrx_word' id='word_1_265' title='bbox 1042 3127 1167 3181; x_wconf 60' lang='grc' dir='ltr'><strong>ὅταν</strong></span> <span class='ocrx_word' id='word_1_266' title='bbox 1200 3130 1270 3193; x_wconf 66' lang='grc' dir='ltr'><strong>μὴ</strong></span> <span class='ocrx_word' id='word_1_267' title='bbox 1314 3128 1602 3190; x_wconf 65' lang='grc' dir='ltr'><strong>(ἷπαντήιῑας</strong></span> <span class='ocrx_word' id='word_1_268' title='bbox 1642 3126 1668 3179; x_wconf 71' lang='grc' dir='ltr'><em>ὖ</em></span> <span class='ocrx_word' id='word_1_269' title='bbox 1699 3130 2013 3196; x_wconf 34' lang='grc' dir='ltr'><strong>δῃοκόιιιενως</strong></span> 
     </span>
     <span class='ocr_line' id='line_1_36' title="bbox 175 3209 2010 3278; baseline 0.003 -19"><span class='ocrx_word' id='word_1_270' title='bbox 175 3214 252 3261; x_wconf 70' lang='grc' dir='ltr'><strong>ἐπὶ</strong></span> <span class='ocrx_word' id='word_1_271' title='bbox 282 3209 372 3268; x_wconf 69' lang='grc' dir='ltr'><strong>τὴν</strong></span> <span class='ocrx_word' id='word_1_272' title='bbox 401 3210 550 3268; x_wconf 65' lang='grc' dir='ltr'><em>δίκην</em></span> <span class='ocrx_word' id='word_1_273' title='bbox 579 3214 962 3277; x_wconf 60' lang='grc' dir='ltr'><strong>καταδικασθῇ·</strong></span> <span class='ocrx_word' id='word_1_274' title='bbox 991 3212 1175 3278; x_wconf 61' lang='grc' dir='ltr'><strong>ὅμοιον</strong></span> <span class='ocrx_word' id='word_1_275' title='bbox 1202 3219 1291 3262; x_wconf 69' lang='grc' dir='ltr'><strong>καὶ</strong></span> <span class='ocrx_word' id='word_1_276' title='bbox 1325 3213 1376 3262; x_wconf 70' lang='grc' dir='ltr'><strong>τὸ</strong></span> <span class='ocrx_word' id='word_1_277' title='bbox 1405 3214 1588 3277; x_wconf 63' lang='grc' dir='ltr'><strong>ἐρήμην</strong></span> <span class='ocrx_word' id='word_1_278' title='bbox 1614 3210 1823 3263; x_wconf 62' lang='grc' dir='ltr'><strong>ἁλῶναι.</strong></span> <span class='ocrx_word' id='word_1_279' title='bbox 1856 3218 2010 3278; x_wconf 75' lang='lat' dir='ltr'><strong>(Con-</strong></span> 
     </span>
     <span class='ocr_line' id='line_1_37' title="bbox 173 3296 2010 3364; baseline 0.003 -19"><span class='ocrx_word' id='word_1_280' title='bbox 173 3296 414 3345; x_wconf 83' lang='lat' dir='ltr'><strong>tumaciac</strong></span> <span class='ocrx_word' id='word_1_281' title='bbox 441 3297 582 3342; x_wconf 83' lang='lat' dir='ltr'><strong>actio.</strong></span> <span class='ocrx_word' id='word_1_282' title='bbox 635 3299 798 3357; x_wconf 75' lang='lat' dir='ltr'><strong>Quum</strong></span> <span class='ocrx_word' id='word_1_283' title='bbox 837 3318 948 3348; x_wconf 79' lang='lat' dir='ltr'><strong>reus</strong></span> <span class='ocrx_word' id='word_1_284' title='bbox 991 3319 1085 3347; x_wconf 83' lang='lat' dir='ltr'><strong>non</strong></span> <span class='ocrx_word' id='word_1_285' title='bbox 1129 3318 1417 3364; x_wconf 69' lang='lat' dir='ltr'><strong>comparens</strong></span> <span class='ocrx_word' id='word_1_286' title='bbox 1446 3301 1492 3347; x_wconf 87' lang='lat' dir='ltr'><strong>in</strong></span> <span class='ocrx_word' id='word_1_287' title='bbox 1525 3301 1791 3364; x_wconf 63' lang='lat' dir='ltr'><strong>judicium,</strong></span> <span class='ocrx_word' id='word_1_288' title='bbox 1834 3303 2010 3350; x_wconf 74' lang='lat' dir='ltr'><strong>conde-</strong></span> 
     </span>
     <span class='ocr_line' id='line_1_38' title="bbox 173 3377 1396 3441; baseline 0.001 -13"><span class='ocrx_word' id='word_1_289' title='bbox 173 3388 381 3428; x_wconf 70' lang='lat' dir='ltr'><strong>mnatur.</strong></span> <span class='ocrx_word' id='word_1_290' title='bbox 424 3377 653 3426; x_wconf 63' lang='lat' dir='ltr'><strong>Similiter</strong></span> <span class='ocrx_word' id='word_1_291' title='bbox 682 3389 727 3428; x_wconf 70' lang='lat' dir='ltr'><strong>et</strong></span> <span class='ocrx_word' id='word_1_292' title='bbox 757 3384 1092 3432; x_wconf 67' lang='lat' dir='ltr'><strong>contumaciae</strong></span> <span class='ocrx_word' id='word_1_293' title='bbox 1125 3384 1396 3441; x_wconf 74' lang='lat' dir='ltr'><strong>convinci.)</strong></span> 
     </span>
    </p>
   </div>
  </div>
 </body>
</html>
