2114 3642
141 164 243 210 488
637 174 1042 208 coMMENTAfflUs
1068 172 1138 202 An
1168 170 1248 204 571.
1278 171 1359 203 574.
1390 173 1471 204 579.

141 324 248 362 nus,
276 306 361 354 sed
389 312 517 353 sorte
549 304 838 367 legebantur
866 316 924 346 ex
952 297 1043 345 illis
1072 299 1151 361 qui
1179 317 1229 346 se
1259 308 1437 364 sponte
1465 300 1752 348 offerebant.
1781 298 1830 346 Si
1860 315 1977 361 ergo

141 388 248 451 quis
277 405 326 435 se
355 387 415 434 ad
444 405 618 435 munus
647 382 816 431 arbitri
845 379 1127 429 obeundum
1158 382 1358 442 obtulit.7
1402 400 1499 431 uon
1540 389 1732 447 poterat
1756 398 1978 429 recusare

140 470 395 518 arbitrium
412 506 424 526 ,
451 468 581 533 quod
606 465 698 531 ipsi
727 472 858 513 sorte
887 463 1158 525 obtigerat:
1197 464 1415 529 alioquin
1451 465 1657 530 quilibet
1684 463 1978 513 arbitrorum

141 572 229 618 pro
268 554 406 602 libitu
446 553 536 600 sibi
575 549 830 610 selegisset
869 564 1070 605 causas,
1110 548 1238 596 unde
1279 567 1489 613 magnae
1531 557 1729 598 exortae
1770 549 1978 597 fuissent

141 636 475 693 difficultates,
503 650 594 680 nec
621 650 721 680 non
748 632 1009 679 innumera
1036 632 1244 694 partium
1271 633 1567 697 litigantium
1595 632 1788 680 damna.

281 721 405 768 Nam
443 715 612 765 arbitri
653 713 835 780 publici
878 730 934 761 eo
970 713 1175 768 consilio
1203 714 1396 763 fuerant
1422 715 1699 773 constituti,
1743 732 1804 763 ne
1843 714 1975 762 dica-

141 803 285 851 steria
324 802 426 848 sine
478 797 839 846 intermissione
880 795 1207 843 considerent.
1278 794 1376 851 Τάς
1428 796 1575 851 δίκας
1627 793 1979 862 γυμνάζεσθαι

141 883 336 944 πρῶτον
359 878 490 943 παρά
523 879 797 937 διαιτηταῖς
824 875 918 939 πρὸ
947 876 1038 925 τοῦ
1064 879 1317 927 εἰσελθεῖν
1343 882 1411 935 εἰς
1439 878 1495 928 τὸ
1524 877 1866 940 δικαστήριον,
1894 881 1981 926 ἵνα

133 964 203 1028 μή
232 964 454 1026 συνδχῶς
492 966 751 1023 καθίζωσι
794 961 1106 1025 δικαστήρια.
1161 963 1351 1024 (Schol.
1390 965 1645 1014 Demosth.
1690 982 1729 1013 c.
1769 964 1978 1013 Androt.

140 1050 254 1108 593,
283 1050 390 1108 24.)
917 1116 1016 1169 Ad
1061 1118 1182 1169 5⁷1

278 1227 601 1275 Doctissimus
628 1226 839 1275 Meierus
869 1227 1043 1274 falsam
1072 1244 1177 1274 esse
1207 1226 1324 1274 dicit
1352 1225 1641 1275 scholiastae
1669 1227 1977 1285 sententiam,

136 1330 245 1360 cum
273 1329 297 1359 e
326 1311 539 1374 quadam
566 1311 885 1376 inscriptione
917 1310 1067 1370 (Ros
1087 1329 1134 1358 s:
1176 1311 1289 1358 Die
1320 1312 1364 1358 D
1383 1328 1510 1358 eme
1529 1329 1558 1358 n
1588 1329 1708 1359 von
1741 1310 1979 1370 Attika,

137 1414 181 1460 p.
213 1395 306 1453 20)
346 1402 586 1459 appareat
626 1412 755 1442 anno
797 1402 907 1441 ante
950 1394 1201 1442 Christum
1243 1394 1426 1448 325-0,
1471 1394 1747 1459 olympiade
1788 1394 1902 1454 113,
1932 1396 1980 1451 4,

136 1477 333 1526 nonnisi
364 1477 461 1523 104
490 1477 699 1525 arbitros
727 1478 889 1525 fuisse.
942 1478 1072 1525 Hinc
1100 1485 1264 1526 tamen
1298 1478 1366 1525 nil
1395 1477 1524 1526 aliud
1553 1469 1791 1536 efficitur,
1834 1495 1980 1541 quam

138 1562 268 1626 quod
299 1579 354 1609 eo
383 1578 512 1608 anno
548 1568 742 1608 centum
773 1573 817 1609 et
858 1570 1065 1624 quatuor
1107 1561 1263 1609 solum
1304 1561 1500 1610 arbitris
1539 1560 1648 1609 lites
1689 1562 1979 1609 commissae

136 1645 329 1693 fuerint.
396 1644 658 1692 Praeterea
696 1652 914 1699 constat,
968 1644 1050 1692 illa
1090 1653 1247 1692 aetate
1291 1645 1411 1693 duas
1452 1645 1669 1693 extitisse
1711 1644 1977 1703 factiones,

136 1745 339 1792 quarum
379 1745 478 1775 una
517 1726 785 1775 Alexandri
827 1727 1041 1791 partium
1088 1735 1220 1785 erat,
1273 1727 1426 1777 altera
1465 1745 1582 1776 vero
1623 1746 1712 1793 pro
1752 1727 1978 1777 libertate

137 1812 439 1860 Graecorum
479 1818 675 1859 strenue
718 1811 982 1859 nitebatur.
1049 1812 1268 1877 Utraque
1309 1819 1555 1860 commota
1593 1811 1977 1876 perturbataque

137 1895 254 1953 fuit,
302 1912 451 1957 quum
492 1902 707 1943 oratores
748 1903 1121 1952 accusarentur,
1176 1895 1314 1944 donis
1355 1897 1415 1944 ab
1458 1896 1679 1960 Harpalo
1721 1903 1978 1960 corruptos

135 1977 311 2038 fuisse3
339 1977 590 2040 turbisque
621 1984 720 2025 tota
748 1979 863 2026 urbs
890 1978 1200 2043 implebatur.
1244 1978 1516 2044 (Hyperi
1536 1978 1580 2026 d.
1609 1978 1831 2042 fragm.
1864 1978 1978 2033 105,

140 2061 254 2117 106,
286 2060 428 2119 111.)

279 2143 408 2203 Quid
435 2143 609 2191 mirum
637 2144 813 2206 igitur,
855 2145 1034 2193 multos
1075 2147 1207 2194 cives
1246 2145 1295 2192 111
1323 2144 1483 2194 medio
1512 2144 1687 2193 harum
1716 2144 1977 2193 discordia-

134 2244 242 2275 rum
262 2226 513 2292 judicandi
541 2244 743 2275 munere
772 2228 1103 2276 abstinuisse?

279 2309 355 2357 Ad
407 2309 719 2358 refutandum
766 2311 1106 2373 scholiastam,
1155 2311 1248 2359 hoc
1289 2327 1481 2375 quoque
1521 2311 1638 2357 dicit
1676 2310 1977 2359 clarissimus

136 2394 373 2452 Meierus,
422 2394 629 2441 arbsstros
669 2410 766 2440 non
808 2394 957 2442 fuisse
998 2394 1301 2442 tributim
1346 2401 1476 2441 sorte
1517 2400 1735 2448 creatos,
1777 2392 1862 2440 sed
1903 2410 1974 2442 ex

137 2477 473 2525 universis
503 2476 1049 2530 Atheniensibus:
1077 2477 1208 2543 quod
1238 2485 1401 2526 tamen
1430 2478 1627 2525 minime
1646 2476 1831 2541 probo3
1859 2494 1973 2524 nam

139 2579 158 2607 s
176 2580 201 2608 o
219 2561 361 2608 rtiti
381 2578 408 2607 o
443 2560 820 2623 magistratuum
848 2561 998 2609 fiebat
1025 2561 1268 2619 tributim,
1310 2561 1404 2609 ele
1423 2561 1508 2607 cti
1528 2579 1554 2608 o
1595 2567 1756 2608 aut-em
1787 2577 1845 2607 ex
1873 2560 1973 2607 uni-

139 2644 293 2691 versis
322 2642 717 2692 Atheniensibus
774 2643 910 2703 (Vid.
941 2641 983 2707 ξ.
1014 2643 1290 2691 381ψ385
1331 2644 1446 2691 116111
1487 2660 1645 2691 meam
1677 2642 1973 2691 dissertatio-

140 2741 246 2772 nem
273 2725 319 2771 iu
350 2725 703 2789 philologo
733 2725 1052 2791 Gottingensi
1078 2727 1190 2783 XV,
1219 2745 1264 2791 p.
1295 2727 1439 2785 728.)

918 2865 1017 2917 Ad
1045 2866 1196 2917 574.

284 2973 452 3023 Pollux
481 2977 617 3027 VIII.
656 2977 774 3023 126:
822 2973 989 3021 Πάλαι
1035 2971 1250 3036 ωὗδὲμία
1294 2973 1409 3031 δίκη
1453 2978 1569 3036 πρὶν
1609 2978 1685 3021 ἐπὶ
1724 2970 1974 3029 διαιτητάς

140 3056 391 3101 εἰσελθεῖν
418 3054 650 3121 εἰσήγετο.
694 3059 849 3118 (011111
878 3059 1011 3107 nulla
1033 3059 1172 3116 actio,
1203 3060 1293 3107 nisi
1322 3061 1454 3123 prius
1479 3059 1538 3107 ad
1564 3059 1773 3107 arbitros
1802 3074 1973 3123 perve-
2014 3117 2018 3122 ·

141 3140 297 3196 niret,
332 3139 775 3201 introducebatur.)

917 3211 1015 3262 Ad
1045 3212 1195 3262 579.

284 3303 445 3351 Scliol.
475 3303 523 3349 in
552 3305 800 3356 Demosth.
831 3308 945 3357 Mid.
977 3310 1091 3367 542,
1127 3310 1214 3356 15:
1243 3302 1381 3355 ''Edet
1426 3304 1540 3362 τούς
1568 3304 1626 3354 Π).
1657 3304 1809 3355 κοινά
1841 3306 1969 3354 διοι-
