2114 3642
528 135 936 166 COMMENTARIUS
961 132 1031 164 Ao
1062 129 1164 165 1051.
1196 129 1300 165 1052.
1329 130 1432 166 1054.
1465 131 1568 166 1056.
1855 121 1950 168 551

879 256 978 308 Ad
1010 258 1186 310 1051.

255 367 551 433 Hesychius:
584 362 834 431 Ἀλογίου
864 363 1006 423 δίκη·
1049 362 1111 422 ἢν
1138 364 1422 433 φεύγουσιν
1449 367 1496 414 οἱ
1526 362 1769 429 ἄρχοντες
1798 366 1955 433 λόγον

114 446 175 496 οὐ
206 447 374 504 δόντες
401 448 503 496 τῶν
532 447 614 506 τῆς
641 445 798 510 ἀρχῆς
835 446 1192 510 διοικιχιιοῖῑων.
1248 450 1416 509 (Actio
1444 451 1782 513 neglectarum
1811 452 1953 498 ratio-

112 551 254 595 num3
296 551 442 599 quam
481 535 696 583 subeunt
735 535 1076 597 magistratus,
1117 535 1197 597 qui
1241 553 1340 583 non
1383 533 1703 582 reddiderunt
1741 534 1955 581 rationes

112 634 275 667 rerum
303 618 364 666 ab
393 619 510 683 ipsis
538 618 879 681 magistratum
907 617 1195 683 gerentibus
1224 618 1715 677 administratarumJ

874 734 972 786 Ad
997 734 1185 787 1052.

252 843 290 890 E
317 842 623 908 praescripto
653 844 842 906 Legum
864 844 1083 892 Platonis
1112 844 1254 901 (946,
1285 845 1327 891 D
1345 845 1472 902 ψΕ)
1502 855 1803 893 correctores
1832 842 1947 905 (εὐ-

112 921 294 985 θύνοι)
321 931 582 991 postquam
613 928 900 991 perfunctos
928 927 1217 990 magistratu
1238 927 1595 991 judicaverint,
1624 929 1675 976 in
1705 930 1812 976 foro
1840 947 1952 994 pro-

107 1008 279 1074 positis
319 1007 378 1057 de
422 1008 595 1073 quovis
636 1010 829 1074 scriptis
869 1008 1367 1067 iudicarim-civitati,
1409 1009 1522 1073 quid
1565 1011 1663 1074 pati
1706 1028 1952 1075 quemque

107 1092 187 1140 vel
214 1091 496 1156 dependere
524 1100 760 1157 oporteat.
815 1093 910 1152 Qui
952 1109 1068 1140 vero
1109 1092 1488 1155 magistratuum
1520 1093 1651 1157 juste
1689 1112 1739 1142 se
1760 1094 1950 1158 judica-

106 1175 517 1242 tumflnegavorin
559 1175 620 1223 ad
655 1176 859 1224 selectos
880 1173 1070 1239 judices
1111 1175 1207 1234 (εἰς
1233 1170 1354 1228 τούς
1380 1172 1655 1229 ἐκλεκτούς
1683 1173 1949 1237 δικαστάς)

104 1259 153 1306 in
173 1259 255 1323 jus
282 1266 458 1307 vocato
487 1266 812 1315 correctoreS‚
855 1267 901 1307 et
940 1259 979 1306 si
1020 1258 1127 1322 quis
1165 1276 1265 1306 non
1305 1259 1651 1307 commeruisse
1692 1261 1947 1309 correctio-

105 1360 217 1392 nem
257 1343 389 1391 visus
429 1343 601 1401 fuerit,
644 1343 777 1407 ipsos
819 1348 1147 1397 correctores,
1192 1341 1228 1388 si
1259 1342 1413 1401 volet,
1454 1350 1698 1390 accusato.
1754 1344 1947 1392 Conde-

103 1434 298 1476 mnatus
326 1438 469 1485 vero,
499 1428 534 1476 si
566 1427 641 1475 cui
670 1434 825 1475 morte
854 1426 1166 1474 aestimatum
1194 1444 1221 1473 a
1250 1427 1612 1474 correctoribus
1641 1427 1807 1485 fuerit,
1836 1427 1946 1474 sim-

103 1511 292 1575 pliciter
321 1510 549 1571 morit-01¹3
589 1510 884 1575 reliquarum
925 1509 1220 1557 muletarum
1263 1516 1454 1569 autem,
1498 1527 1706 1574 quarum
1747 1509 1947 1576 duplum

103 1593 249 1660 pendi
277 1594 480 1659 poterit,
524 1592 727 1658 duplum
754 1593 971 1659 pendito.

867 1709 967 1762 Ad.
992 1710 1182 1762 1054.

243 1810 551 1858 Dinarch.
592 1826 630 1856 c.
675 1808 1113 1873 Aristogiton.
1156 1806 1461 1873 §16-Q17:
1502 1809 1654 1857 Primi
1695 1809 1943 1872 legislato-

102 1911 207 1955 res,
249 1894 285 1942 si
316 1894 422 1959 quis
451 1893 592 1942 donis
621 1894 834 1957 acceptis
874 1894 1028 1942 verba
1064 1894 1246 1942 faceret
1275 1902 1322 1941 et
1350 1893 1409 1942 de
1438 1893 1580 1942 rebus
1609 1893 1820 1957 publicis
1849 1901 1942 1941 sta-

100 1984 284 2038 tueret,
326 1977 454 2025 hunc
493 1976 737 2041 perditum
773 1994 878 2025 esse
908 1976 1155 2025 volebant.
1208 1976 1399 2026 Deinde
1425 1976 1475 2024 in
1505 1976 1699 2040 legibus
1727 1977 1940 2039 largitio

43 2048 48 2051 ⁷
99 2079 216 2110 num
257 2061 476 2109 actiones
518 2056 723 2121 (δώρων
761 2055 985 2124 γραφάς)
1026 2059 1252 2108 fecerunt
1293 2068 1341 2107 et
1379 2060 1428 2107 in
1469 2058 1572 2108 solo
1615 2060 1708 2107 hoc
1741 2059 1941 2107 crimine

99 2146 357 2210 decuplam
411 2152 641 2208 acceptae
692 2143 931 2207 pecuniae
984 2159 1224 2191 summam
1275 2161 1364 2207 pro
1418 2142 1599 2191 mulcta
1636 2143 1940 2205 irrogarunt,

99 2229 433 2278 existimantes
475 2245 612 2285 eum,
657 2227 737 2291 qui
779 2244 867 2291 pro
906 2226 1146 2274 habendis
1191 2243 1356 2274 coram
1395 2225 1583 2290 populo
1637 2225 1940 2273 orationibus

98 2313 309 2378 pretium
333 2311 601 2375 acceperit,
642 2328 741 2360 non
770 2329 860 2375 pro
889 2309 1059 2375 populi
1088 2309 1358 2359 commodis
1386 2309 1788 2358 concionaturum
1819 2326 1938 2369 esse,

100 2395 185 2444 sed
211 2412 298 2460 pro
328 2413 522 2454 eorum,
563 2395 643 2459 qui
672 2394 884 2460 pretium
912 2394 1137 2443 dederint
1164 2392 1386 2441 utilitate.

241 2477 420 2526 Pollux
458 2476 594 2538 VIII,
640 2473 950 2538 42:⁴3cch0v
989 2471 1123 2523 κατοῖΙ
1164 2472 1262 2522 τοῦ
1298 2476 1377 2521 ἐπὶ
1418 2471 1593 2537 δώροις
1634 2473 1937 2531 δικάσαντος

98 2555 159 2617 ἦν
188 2554 212 2617 ἦ
244 2556 442 2626 γραφή,
485 2556 748 2621 δεκασμοῦ
787 2556 837 2606 δὲ
879 2556 1011 2605 κατὰ
1052 2555 1144 2605 τοῦ
1187 2556 1596 2620 διαφθείραντος.
1652 2560 1806 2624 Igitur
1835 2558 1933 2605 δώ-

98 2662 197 2706 ρων
238 2644 364 2693 actio
406 2651 508 2691 erat
547 2650 716 2691 contra
754 2642 919 2704 illum,
959 2643 1039 2707 qui
1068 2643 1199 2692 dona
1225 2642 1439 2706 accepit,
1482 2638 1740 2701 δεκασμοῦ
1771 2642 1932 2693 autem

98 2736 266 2778 contra
291 2726 450 2785 illum.
490 2727 570 2790 qui
599 2726 756 2787 dedit³
797 2726 845 2775 id
873 2734 947 2774 est
974 2727 1216 2792 corrupit;
1258 2721 1506 2787 δεκασμὸς
1547 2727 1676 2775 enim
1716 2735 1788 2776 est
1829 2745 1932 2777 cor-

97 2830 153 2861 ru
191 2811 302 2860 tela.

156 2830 187 2877 p
239 2893 313 2943 Cf.
341 2892 503 2942 Schol.
531 2892 590 2941 ad
621 2892 847 2943 Aeschin.
876 2893 1123 2942 Timarch.
1152 2894 1248 2955 863
1288 2892 1470 2942 Lexica
1497 2892 1697 2957 Seguer.
1736 2914 1782 2961 p.
1815 2897 1930 2946 236.

864 3009 963 3062 Ad
988 3010 1176 3062 1050.

240 3107 642 3172 Lexic.Segue1
683 3128 728 3174 p.
771 3109 898 3156 237:
950 3108 1136 3158 Dicunt
1177 3109 1303 3158 hanc
1343 3110 1585 3162 actionem
1622 3131 1721 3162 non
1760 3114 1921 3162 vocari

100 3189 440 3255 δωροδοκίας,
482 3191 566 3241 sed
595 3187 779 3253 δωρων.

240 3275 313 3325 Cf.
342 3275 500 3326 Schol.
528 3276 578 3323 in
604 3275 853 3325 Demosth.
883 3273 1096 3342 Philipp.
1125 3276 1212 3337 III,
1246 3275 1358 3339 122,
1388 3278 1468 3330 23.
