2161 3673
740 222 927 255 NOVEM
954 221 1266 255 ARCHONTES.
1852 208 1913 254 51

859 405 1137 470 Τμῆμαα’.

552 501 635 550 Οἱ
709 504 949 549 ἐννέα
1024 496 1444 566 ἄρχοντες.

870 668 1033 718 Sectio
1076 670 1119 719 1,

662 764 912 814 Novem
950 765 1321 815 archontes.

934 884 1049 933 192.

209 961 508 1029 Ἀρχόντων
527 961 814 1023 Ἀθήνησιν
841 961 1098 1028 ὀνόματα·
1141 967 1188 1014 οἱ
1217 970 1359 1014 ἐννέα
1389 961 1643 1029 ἄρχοντες.
1699 969 1813 1016 Εἰσὶ
1842 966 1909 1026 δὲ,

74 1042 101 1097 ὃ
140 1047 235 1096 τοῦ
271 1047 512 1097 ἐνιαυτοῦ
550 1045 810 1111 ἐπώνυμος
850 1043 1052 1111 ἄρχων,
1103 1046 1367 1112 βασιλεύς,
1422 1053 1764 1113 πολέμαρχος,
1820 1054 1909 1099 καὶ

77 1134 387 1193 θεσμοθέται
413 1135 487 1190 ἕξ·
528 1135 586 1180 ἐκ
613 1128 812 1179 τούτων
837 1128 933 1198 γὰρ
961 1133 1007 1179 οἱ
1039 1134 1181 1180 ἐννέα
1211 1126 1454 1193 ἄρχοντες
1482 1134 1908 1198 συμπληροῦνται.

1242 1215 1443 1276 (Pollux
1471 1217 1608 1279 VIII,
1637 1220 1765 1281 85.)

933 1288 1045 1336 192.

214 1371 555 1436 Magistratum
580 1370 962 1420 Atheniensium
995 1371 1223 1420 nomina:
1262 1388 1444 1421 novem
1470 1372 1732 1439 principes.
1785 1373 1909 1424 Sunt

73 1471 214 1503 vero:
253 1455 482 1520 princeps
510 1471 693 1502 annum
732 1453 1088 1515 denominans,
1130 1471 1242 1513 rex,
1283 1454 1402 1503 belli
1428 1455 1720 1521 imperator,
1762 1465 1908 1523 atque

71 1554 156 1586 sex
182 1536 549 1586 thesmothetae.
601 1537 749 1586 Hisce
778 1538 909 1586 enim
935 1554 1117 1586 novem
1143 1536 1404 1586 archontes
1433 1540 1758 1604 complentur.

929 1645 1042 1693 193.

199 1721 388 1782 τὈσους
414 1722 481 1774 ἂν
506 1723 764 1784 ποιήσηται
793 1720 819 1774 ὂ
851 1724 1002 1788 δῆμος
1043 1720 1070 1774 ὁ
1105 1722 1408 1783 Ἀθηναίων
1434 1730 1668 1786 πολίτας,
1703 1727 1774 1792 μὴ
1804 1734 1908 1789 ἐξέ-

72 1824 167 1856 στω
194 1805 366 1866 αὐτοῖς
392 1809 494 1859 τῶν
520 1812 663 1859 ἐννέα
691 1807 958 1872 ἀρχόντων
983 1812 1223 1877 γενέσθαι
1240 1847 1251 1866 ,
1288 1809 1411 1872 μηδὲ
1454 1810 1718 1874 ἱερωσύνης
1750 1814 1907 1876 μηδε-

64 1891 184 1954 μιᾶς
203 1899 501 1956 μετασχεῖν
545 1899 647 1949 τοῖς
675 1891 718 1941 δ’
746 1898 806 1942 ἐκ
844 1890 1038 1941 τούτων
1064 1896 1266 1952 ἐξέστω,
1309 1891 1397 1942 ἐὰν
1425 1888 1548 1946 οἶσιν
1575 1898 1634 1943 ἐκ
1661 1896 1908 1962 γυναικὸς

71 1971 219 2033 ἀστῆς
246 1980 336 2024 καὶ
363 1977 598 2042 ἐγγυητῆς
625 1974 759 2024 κατὰ
787 1974 880 2024 τὸν
905 1976 1082 2040 νόμον.

978 2050 1259 2111 (Demosth.
1287 2051 1337 2099 in
1366 2051 1539 2100 Neaer.
1572 2051 1763 2113 1376.)

929 2157 1043 2206 193.

210 2238 540 2305 Quoscunque
584 2241 798 2307 populus
838 2241 1154 2291 Atheniensis
1195 2243 1326 2291 cives
1367 2243 1568 2302 fecerit,
1610 2262 1693 2294 eos
1721 2264 1821 2295 non
1848 2247 1902 2295 li-

69 2328 177 2370 ceat
201 2321 253 2369 in
279 2339 459 2372 novem
485 2324 745 2373 archontes
774 2331 1007 2390 cooptare
1035 2333 1118 2373 aut
1143 2324 1287 2374 ullius
1314 2326 1576 2376 sacerdotii
1603 2328 1765 2377 facere
1791 2347 1904 2395 par-

67 2404 259 2470 ticipes,
302 2406 510 2470 posteris
538 2414 699 2456 autem
727 2424 896 2456 eorum
921 2407 1042 2456 haec
1069 2408 1432 2463 concedantur,
1461 2410 1500 2458 si
1527 2411 1624 2459 sint
1651 2428 1675 2459 e
1702 2413 1904 2462 muliere

67 2487 172 2536 cive
200 2489 416 2554 suscepti
443 2497 490 2538 et
517 2490 732 2553 legitime
761 2490 1018 2556 desponsa.

200 2672 329 2724 Ἐάν
368 2696 437 2733 τις
480 2674 762 2736 Ἀθηναῖος
804 2679 1065 2742 ἑταιρήσῃ,
1106 2678 1176 2743 μή
1221 2683 1393 2739 ἐξέστω
1434 2678 1578 2745 αὐτῷ
1617 2681 1719 2731 τῶν
1757 2686 1901 2733 ἐννέα

67 2756 333 2821 ἀρχόντων
358 2765 612 2827 γενέσθαι.

562 2847 818 2908 (Aeschin.
847 2865 885 2897 c.
915 2848 1158 2898 Timarch,
1191 2846 1232 2911 ξ.
1264 2849 1342 2896 21.
1374 2849 1479 2898 Lex
1506 2848 1758 2911 Solonis).

924 2958 1038 3006 194.

206 3037 258 3087 Si
285 3039 393 3104 quis
420 3038 734 3090 Atheniensis
762 3057 811 3089 se
840 3041 1169 3105 prostituerit.
1208 3041 1249 3088 ei
1281 3057 1341 3088 ne
1370 3041 1516 3090 liceat
1542 3043 1591 3090 in
1618 3061 1799 3093 novem
1827 3062 1897 3094 ar-

65 3120 268 3171 chontes
296 3123 530 3187 cooptari.
921 3195 1020 3241 195

210 3272 314 3322 Τὸν
339 3272 603 3324 ἀδύνατον
623 3273 691 3337 μὴ
722 3276 1042 3341 κληροῦσθαι
1068 3274 1174 3339 τῷν
1199 3279 1344 3324 ἐννέα
1371 3273 1650 3341 ἀρχόντων.

960 3361 1160 3424 (Lysias
1187 3378 1272 3424 pro
1299 3363 1530 3413 invalido.
1562 3361 1752 3428 §.13.).

1560 3446 1615 3485 42·
