2114 3642
544 229 950 263 coMMENTAmus
981 229 1047 261 An
1078 228 1182 264 1421.
1215 227 1315 264 1423.
1349 226 1448 263 1427.
1809 214 1910 263 617

213 357 447 406 Suidas
488 376 522 406 s.
552 375 598 406 v.
645 354 839 412 earm.-
879 357 1052 406 Puella
1089 357 1377 423 parentibus
1420 357 1566 417 orba,
1605 357 1790 406 nullam
1829 359 1910 407 ha-

71 443 191 491 bens
220 441 383 489 dotem
412 447 458 488 et
486 458 676 505 pauper
702 457 730 488 a
757 447 894 505 patre
921 439 1114 502 relicta,
1154 442 1229 490 cui
1270 458 1452 505 genere
1494 440 1699 506 proximi
1741 457 1911 489 secun-

71 525 185 574 dum
213 525 375 588 legem
403 524 698 588 quingentas
728 522 989 572 drachmas
1018 524 1146 573 dotis
1174 525 1282 573 loco
1309 525 1426 574 dare
1454 523 1765 573 tenebantur.

213 619 308 667 Hic
335 626 498 667 tamen
528 618 617 666 sub
659 636 840 681 genere
883 619 1117 683 proximis
1158 621 1352 668 nonnisi
1394 618 1914 685 pentacosiomedimni

73 709 186 752 sunt
212 701 548 766 intelligendi;
587 717 700 749 nam
742 701 808 749 illi
850 702 1148 751 tenebantur
1186 702 1302 751 dare
1332 703 1630 767 quingentas
1657 701 1915 752 drachmas

72 802 159 835 seu
185 786 343 834 minas
370 785 600 850 quinque.

217 879 363 946 Apud
391 879 604 928 Thurios
632 896 825 943 quoque
855 878 976 928 hae-c
1003 880 1082 928 lex
1110 880 1333 943 vigebat,
1362 888 1415 929 ut
1441 881 1731 944 gentilitatis
1759 882 1915 946 gradu

73 964 326 1031 proximus
354 963 571 1029 puellam
600 963 648 1010 in
678 964 1039 1011 successionem
1067 964 1214 1012 totius
1255 964 1535 1029 patrimonii
1564 965 1784 1015 relictam
1805 967 1914 1032 jure

72 1050 121 1096 in
150 1048 514 1096 matrimonium
555 1047 872 1112 deposceret,
916 1053 964 1094 ot
1004 1047 1217 1096 vicissim
1257 1048 1379 1095 orba
1418 1048 1583 1112 puella
1609 1067 1789 1112 genere
1818 1068 1915 1099 ma-

75 1132 204 1181 xime
245 1131 510 1197 propinqui
554 1131 750 1195 nuptias
791 1130 900 1193 lege
942 1130 1229 1179 vindicaret.
1285 1130 1444 1196 Atque
1486 1132 1597 1180 huic
1631 1133 1804 1182 orbam
1831 1134 1916 1182 du-

75 1214 245 1274 cendi,
287 1215 392 1273 vel,
432 1215 468 1262 si
500 1213 803 1279 paupercula
845 1221 997 1273 esset,
1039 1214 1336 1278 quingentas
1371 1214 1627 1264 drachmas
1653 1216 1760 1266 loco
1789 1217 1917 1266 dotis

76 1297 311 1361 erogandi
352 1298 619 1347 necessitas
658 1297 1005 1345 imcumbebat.
1060 1296 1155 1345 Sed
1194 1298 1419 1363 orphana
1460 1300 1728 1362 quaedam,
1769 1319 1918 1366 quum

76 1389 274 1446 propter
301 1381 518 1445 inopiam
547 1379 776 1428 collocari
815 1380 864 1426 in
905 1379 1268 1428 matrimonium
1297 1399 1396 1429 non
1424 1390 1617 1446 posset,
1659 1383 1719 1431 ad
1749 1383 1915 1449 populi

76 1463 309 1512 auxilium
335 1463 571 1526 confugit,
601 1478 835 1526 suamque
864 1462 1030 1510 multis
1059 1479 1167 1510 cum
1196 1463 1408 1512 lacrimis
1438 1465 1700 1516 orbitatem
1729 1475 1777 1515 et
1805 1485 1918 1515 con-

75 1553 275 1595 temtam
314 1546 443 1594 vitae
485 1543 815 1613 conditionem
856 1561 1104 1610 exponens
1152 1546 1508 1595 correctionem
1548 1548 1670 1611 legis
1710 1551 1833 1615 petit
1871 1550 1919 1598 in

74 1629 199 1678 hanc
225 1629 513 1688 formulam,
560 1636 611 1677 ut
650 1647 741 1693 pro
782 1629 1065 1693 quingentis
1105 1629 1350 1679 drachmis
1385 1632 1651 1681 necessitas
1691 1634 1920 1698 proximo

75 1720 287 1776 cognato
329 1712 593 1779 pupillam,
633 1728 759 1776 quae
799 1711 907 1775 lege
947 1711 1039 1759 sibi
1078 1713 1214 1761 illum
1252 1713 1552 1775 vindicaret,
1594 1715 1642 1764 in
1672 1716 1915 1766 matrimo-

75 1798 207 1845 nium
236 1796 446 1844 ducendi
474 1796 824 1860 imponeretur.
878 1794 1008 1842 Tum
1035 1795 1273 1860 populus,
1304 1797 1639 1849 misericordia
1665 1799 1918 1859 adductus,

75 1880 199 1944 legis
227 1878 619 1928 emendationem
648 1879 838 1937 sciscit,
880 1885 927 1926 et
952 1879 1191 1943 pupillam
1221 1880 1358 1929 dives
1387 1882 1691 1946 propinquus
1719 1902 1920 1933 uxorem

77 1964 253 2014 ducere
281 1962 485 2025 cogitur.
527 1962 813 2021 (Diodor.
849 1963 962 2024 XII,
995 1963 1103 2022 18.)

806 2091 809 2093 ’
844 2113 942 2166 Aa
967 2114 1156 2167 1423.

220 2236 595 2286 Lacedaemone
624 2236 661 2284 si
689 2236 796 2299 quis
823 2235 1062 2300 adoptare
1092 2236 1327 2285 voluisset
1369 2238 1548 2297 filium,
1591 2239 1629 2286 is
1658 2258 1819 2289 coram
1848 2258 1919 2288 re-

79 2320 224 2383 gibus
252 2320 299 2369 id
330 2321 491 2368 facere
520 2317 794 2367 tenebatur.
836 2319 911 2378 (H
930 2319 1175 2368 erodot.
1206 2320 1291 2382 VI,
1321 2322 1402 2383 57,
1432 2322 1506 2380 6.)

843 2470 940 2523 Ad
966 2472 1088 2524 142
1098 2473 1155 2525 7.

224 2592 327 2640 Lex
358 2591 706 2656 Aeginetarum
742 2593 954 2658 jubebat
993 2594 1212 2659 ejusdem
1252 2595 1541 2644 conditionis
1582 2596 1804 2645 homines
1838 2597 1920 2646 ad-

81 2676 254 2742 optari.
297 2676 1067 2740 (Isoc1·at.Aegincticus
1101 2677 1142 2740 §.
1174 2678 1282 2737 13.)

228 2772 266 2819 E
294 2770 487 2835 legibus
511 2770 883 2820 Atheniensium
915 2772 1336 2833 (1422—1427.)
1363 2774 1556 2824 videtur
1584 2775 1740 2825 tribus
1766 2776 1923 2825 modis

81 2858 259 2905 factam
287 2854 435 2903 fuisse
462 2853 793 2919 adoptionem.
847 2855 1070 2916 Quilibet
1110 2874 1287 2921 nempe
1329 2857 1404 2905 vel
1443 2876 1494 2907 se
1530 2858 1641 2907 vivo
1668 2858 1924 2924 adoptavit

83 2939 175 2987 sibi
203 2938 382 2997 filium,
424 2938 502 2986 vel
531 2937 699 2986 mortis
725 2955 872 2987 causa
899 2956 988 3003 per
1027 2946 1388 2988 testamentum.
1442 2940 1491 2990 Si
1520 2941 1629 3005 quis
1657 2959 1774 2992 vero
1802 2942 1918 2991 inte—

82 3030 236 3072 status
276 3030 323 3071 et
361 3021 464 3069 sine
502 3020 769 3070 heredibus
796 3021 1116 3082 decessisset,
1156 3023 1265 3087 lege
1292 3023 1502 3073 dabatur
1529 3025 1620 3092 ipsi
1651 3025 1780 3075 filius
1806 3025 1919 3075 ado-

83 3105 259 3171 ptivus.

226 3188 375 3236 Primi
404 3186 532 3235 modi
561 3186 840 3253 exemplum
867 3190 1074 3254 praebet
1102 3189 1375 3250 MenecleS,
1416 3191 1496 3256 qui
1538 3191 1689 3241 filium
1715 3185 1930 3257 adopta->

82 3270 503 3335 tionisupervixit.
532 3272 786 3330 (Isaeus
814 3272 879 3320 de
908 3271 1228 3321 Meneclis
1256 3273 1378 3323 her.
1408 3275 1462 3322 in
1490 3277 1919 3338 argumento.)

226 3366 348 3414 Item
376 3367 691 3431 Polyeuctus,
722 3367 802 3429 qui
831 3384 980 3430 quum
1007 3384 1106 3416 non
1133 3367 1334 3417 haberet
1360 3386 1518 3419 mares
1545 3370 1727 3418 liberos
1752 3407 1760 3427 ,
1796 3368 1912 3418 ado-
