2114 3642
571 270 981 305 coMMENTAmUs
1007 269 1076 302 An
1107 264 1211 303 1550.
1242 265 1346 305 1554.
1377 266 1479 303 1558.
1841 257 1942 306 637

102 396 243 446 multi
270 398 440 447 furtim
467 398 732 448 evehentes
759 397 1257 465 deprehenderentur,
1286 399 1369 463 qui
1395 397 1573 447 horum
1592 398 1789 447 nomina
1812 400 1942 465 apud

91 479 286 545 judices
313 480 618 544 deferebant,
646 489 751 530 tum
776 482 984 547 primum
1011 480 1344 547 sycophantas
1372 483 1580 542 (ficuum
1602 480 1812 539 indices)
1839 499 1942 531 esse

101 562 411 613 nominatos.v

870 644 970 698 Ad
997 646 1188 700 1550.

238 765 493 816 Demosth.
521 765 808 816 Zenothem.
838 786 883 833 p.
912 767 1041 815 882:
1082 765 1129 813 οἱ
1158 762 1307 827 νόμοι
1343 761 1608 812 κελεύουσι
1626 800 1639 822 ,
1681 761 1768 821 τὰς
1795 762 1943 821 δίκας

97 845 228 896 εἶναι
254 854 359 903 τοῖς
397 845 704 912 ναυκλήροις
741 852 833 896 καὶ
874 855 978 904 τοῖς
1016 845 1251 912 ἐμπόροις
1287 847 1390 895 τῶν
1420 843 1685 906 Ἀθήναζε
1722 847 1942 895 καὶτῶν

89 928 391 990 Ἀθήνηθεν
418 932 776 995 συμβολαίων,
817 935 910 980 καὶ
945 934 1052 996 περὶ
1081 923 1154 978 ὦν
1181 927 1248 979 ἂν
1275 925 1364 978 ὦσι
1394 933 1703 998 συγγραφαί.
1755 932 1942 998 (Leges

88 1015 268 1081 jubent
295 1017 514 1074 actiones
540 1018 643 1067 dari
676 1018 991 1068 naviculariis
1020 1025 1068 1067 et
1093 1017 1488 1082 negotiatoribus
1515 1017 1565 1064 in
1592 1016 1649 1065 iis
1677 1017 1938 1066 contracti-

94 1099 215 1159 bus,
254 1102 336 1167 qui
364 1100 586 1151 Athenas
615 1102 810 1151 aliunde
838 1109 886 1150 et
916 1099 1120 1150 Athenis
1147 1101 1242 1151 alio
1268 1100 1572 1162 referantur,
1601 1107 1649 1149 et
1675 1099 1733 1149 de
1762 1101 1941 1164 quibus

96 1191 268 1234 extent
292 1184 536 1246 tabulae.)

238 1279 519 1330 Secundum
559 1281 874 1331 scholiastam
913 1282 962 1330 in
1003 1278 1349 1346 Aristophanis
1389 1279 1587 1328 Plutum
1628 1281 1698 1340 (v.
1741 1279 1937 1340 1155.),

95 1363 308 1429 quinque
338 1363 536 1414 fuerant
564 1364 877 1414 venditorum
903 1381 1116 1428 genera:
1145 1357 1438 1420 αύτοπώλης
1466 1363 1806 1428 (propriorum
1822 1379 1938 1411 ven-

95 1445 276 1509 ditor];
304 1443 530 1504 κάπηλος
558 1448 802 1514 (caupo);
840 1447 1058 1512 ἐζιιπορος
1085 1447 1404 1509 (mercator);
1433 1442 1814 1511 παλιγκάπηλος
1841 1447 1939 1505 (re-

96 1528 352 1591 venditor‚
380 1531 631 1593 institor];
663 1526 977 1593 μεταβολεύς
1007 1530 1282 1596 (propola).
1323 1523 1632 1585 Αύτοπώλης
1660 1528 1791 1579 domi
1818 1545 1937 1577 ven·

28 1661 35 1669 ,
93 1613 244 1662 debat
269 1631 382 1663 suas
409 1632 502 1664 res,
543 1613 716 1681 Caupo
745 1632 823 1664 res
850 1615 913 1664 ab
941 1608 1212 1674 αὐτοπώλῃ
1242 1620 1432 1679 emptas
1457 1613 1509 1661 in
1535 1613 1708 1662 eadem
1733 1613 1938 1678 regione

93 1695 354 1746 vendebat.
406 1697 651 1748 Mercator
687 1716 767 1747 res
806 1705 995 1764 emptas
1035 1697 1096 1746 ad
1136 1696 1425 1764 peregrinas
1452 1696 1681 1760 regiones
1709 1702 1936 1760 exporta-

91 1778 178 1828 bat
203 1780 265 1829 ad
292 1779 624 1830 vendendum.
676 1781 979 1831 Revenditor
1015 1798 1092 1830 res
1132 1796 1160 1829 a
1186 1786 1459 1829 mercatore
1499 1786 1691 1845 emptas
1730 1794 1935 1828 venum-

92 1861 253 1912 dabat.
304 1862 524 1929 Propola
549 1871 716 1913 autem
741 1871 933 1914 tantum
959 1864 1134 1930 cotylis
1162 1862 1422 1913 vendebat.

233 1957 307 2008 De
336 1959 641 2025 cauponibus
670 1959 787 2009 dicit
813 1959 956 2010 Plato
986 1958 1218 2021 (Pol-iti
1236 1975 1343 2008 cus
1371 1957 1487 2020 260,
1516 1958 1618 2019 D),
1660 1955 1791 2022 quod
1820 1957 1934 2006 alio-

92 2059 197 2090 rum
228 2059 381 2107 opera
407 2042 542 2107 prius
569 2042 769 2092 vendita
796 2043 1120 2109 suscipientes
1147 2042 1242 2108 ipsi
1270 2059 1434 2091 rursus
1462 2040 1694 2091 vendant.

860 2205 959 2260 Ad
988 2207 1177 2260 1554.

232 2317 291 2368 In
318 2317 610 2368 editionibus
635 2316 838 2383 legitur:
880 2314 1061 2375 οἰκῆος
1099 2318 1190 2363 καὶ
1227 2312 1420 2379 βλάβης
1456 2310 1547 2372 τήν
1586 2311 1775 2372 δούλην
1801 2310 1930 2363 εἶναι

91 2395 332 2460 ὀφείλειν.
387 2402 497 2451 Ηοο
524 2409 688 2451 tamen
715 2402 904 2451 nullum
931 2419 1132 2452 sensum
1168 2400 1384 2467 praebet.
1436 2398 1683 2448 Heraldus
1710 2400 1926 2465 suspica-

88 2491 165 2533 tus
193 2491 265 2532 est
291 2485 606 2534 scribendum
632 2501 736 2535 esse
766 2482 945 2542 οἰκῆος
971 2486 1062 2531 καὶ
1092 2480 1271 2542 δούλης
1303 2480 1396 2541 τὴν
1419 2481 1651 2546 βλάβην,
1693 2482 1824 2547 quod
1852 2500 1930 2532 su-

90 2568 334 2633 perfluum
361 2585 466 2617 esse
495 2569 714 2631 videtur,
755 2586 867 2618 cum
906 2565 1062 2626 δούλη
1101 2568 1191 2618 sub
1232 2565 1409 2624 οἰκῆος
1442 2565 1758 2629 intelligatur.
1811 2565 1930 2615 Ideo

89 2651 334 2700 adhaereo
376 2651 796 2716 Schellingio
839 2651 927 2712 (de
969 2651 1164 2701 Solonis
1204 2651 1420 2714 Legibus
1460 2667 1505 2715 p.
1539 2648 1678 2710 138),
1721 2648 1803 2712 qui
1837 2644 1932 2705 τήν

91 2730 282 2791 δούλην
309 2740 539 2800 corrupta
563 2734 712 2784 habet
742 2753 831 2800 pro
858 2730 951 2792 τὴν
979 2732 1177 2792 διπλῆν.

231 2829 604 2879 Ammonius
645 2848 681 2878 s.
711 2848 753 2878 v.
798 2827 1087 2893 Οι’κο’τριψ.·
1129 2824 1260 2893 παρά
1292 2824 1495 2874 Σόλωνι
1522 2829 1577 2873 ἐν
1617 2820 1793 2883 ἄξοσιν
1835 2827 1927 2873 οἰ-

90 2908 206 2959 κεῖ)
225 2932 246 2966 ς
283 2914 522 2969 κέκληται
550 2904 577 2959 ὁ
607 2911 866 2976 οἰκότριψ.

856 3041 955 3094 Ad
982 3040 1171 3094 1558.

230 3150 422 3202 Clarius
461 3151 749 3217 intelligitur
788 3151 909 3202 haec
947 3153 1026 3202 lex
1062 3170 1087 3202 e
1114 3151 1462 3217 Xenophontis
1488 3148 1707 3198 Historia
1733 3147 1926 3197 Graeca

87 3235 149 3295 II,
178 3236 224 3297 4,
252 3237 346 3284 41:
387 3230 547 3299 ὥσπερ
586 3230 707 3289 τούς
746 3231 1029 3289 δάκνοντας
1063 3231 1225 3289 κύνας
1251 3230 1415 3297 κλοιῷ
1444 3228 1680 3289 δήσαντες
1708 3227 1922 3293 παραδι-

88 3314 298 3374 δόασιν,
339 3314 473 3366 οὕτω
511 3314 751 3364 κάκεῖνοι
791 3312 923 3380 ὖμᾶς
962 3314 1276 3380 παραδόντας
1320 3314 1390 3380 τῷ
1432 3312 1717 3380 ἠδικημένῳ
1755 3310 1921 3377 τούτῳ

88 3397 226 3465 δήμῳ
254 3400 487 3462 οἴχονται
517 3398 760 3456 ἀπιόντες.
789 3402 1243 3463 (Quemadmodum
1255 3419 1403 3454 canes
1425 3401 1680 3452 mordaces
1705 3398 1922 3448 numella
