2114 3642
452 201 858 236 COMMENrAmos
884 202 955 233 An
985 199 1087 233 1245.
1117 200 1219 235 1246.
1251 200 1352 234 1251.
1385 196 1486 232 1252.
1518 199 1621 235 1253.
1853 183 1953 230 587

879 325 977 378 Ad
1001 326 1190 378 1245.

261 424 334 472 Cf.
366 424 546 473 Lexica
572 423 877 487 Segueriana
904 442 948 488 p.
980 424 1096 471 247.

881 562 979 616 Ad
1003 564 1193 616 1246.

260 672 534 737 Epidamnii
564 671 839 737 Illyriorum
868 673 1039 729 vicini,
1077 690 1225 736 quum
1253 690 1366 720 suos
1394 673 1526 720 cives
1553 689 1663 720 cum
1691 671 1795 720 istis
1825 687 1956 719 com-

117 756 299 804 mercia
336 756 578 820 agitantes
616 756 842 804 viderent
883 757 1148 805 deteriores
1192 755 1321 815 fieri,
1363 763 1410 802 et
1450 773 1507 803 ea
1546 756 1604 803 de
1633 771 1780 803 causa
1812 754 1902 802 sibi
1930 771 1958 801 a

117 839 258 887 novis
287 840 432 887 rebus
459 846 754 897 metuerent,
784 838 843 886 ad
874 845 1155 887 contractus
1183 845 1231 886 et
1256 838 1644 902 permutationes
1673 838 1788 885 istas
1818 843 1956 900 quot-

117 922 258 970 annis
296 939 448 969 unum
487 929 734 986 spectatae.
778 922 907 969 vitae
951 922 1107 968 civem
1149 920 1466 985 delegerunt,
1509 921 1589 985 qui
1632 920 1693 968 ad
1722 920 1959 968 barbaros

117 1021 397 1053 commeans
426 1005 644 1052 onmium
672 1005 849 1053 civium
879 1005 1075 1052 nomine
1105 1022 1214 1051 cum
1250 1004 1323 1051 his
1352 1004 1687 1066 negotiaretur
1715 1010 1761 1051 et
1790 999 1957 1059 πωλή-

118 1105 198 1143 της
225 1088 481 1136 diceretur.
524 1088 879 1147 (Plutarch.
910 1104 1069 1152 quae
1087 1094 1155 1134 st.
1183 1105 1268 1150 gr.
1298 1087 1407 1145 29.)

884 1227 983 1279 Ad
1020 1228 1195 1279 1251.

260 1336 468 1386 Suidas:
514 1332 830 1396 ‘mufmwfffi
884 1336 964 1384 Sic
1004 1337 1135 1402 apud
1178 1337 1398 1385 Graecos
1438 1344 1642 1385 vocatur
1682 1344 1956 1390 certamen,

113 1427 287 1484 quarto
316 1438 508 1485 quoque
537 1439 667 1469 anno
698 1421 867 1486 peragi
897 1421 1118 1478 solitum,
1161 1421 1223 1468 ob
1252 1421 1406 1477 diem,
1449 1422 1528 1484 qui
1559 1430 1731 1484 quarto
1764 1436 1957 1483 quoque

113 1520 242 1550 anno
271 1521 295 1550 e
323 1521 406 1552 sex
438 1504 565 1552 horis
594 1505 868 1567 collegitur.
896 1504 1060 1552 Prima
1086 1510 1247 1551 autem
1268 1503 1525 1569 Olympias
1551 1502 1721 1551 incidit
1748 1503 1792 1549 in
1822 1510 1952 1550 aeta2

112 1594 211 1634 tem
238 1585 530 1647 Salomonis,
561 1604 655 1650 quo
686 1594 903 1652 tempore
930 1587 1047 1634 Jovi
1077 1587 1278 1651 publica
1305 1586 1529 1634 solennia
1555 1587 1802 1634 celebrata
1829 1593 1956 1634 sunt.

255 1669 328 1718 Cf.
358 1669 521 1718 Schol.
550 1670 601 1718 in
629 1670 812 1719 Pindar
837 1670 1037 1735 Olymp.
1064 1671 1152 1730 III,
1182 1671 1262 1718 35.

881 1809 979 1862 Ad
1004 1811 1194 1863 1252.

258 1918 416 1969 Schol.
457 1920 505 1968 in
548 1919 774 1970 Aeschin.
816 1921 875 1969 de
916 1921 1039 1970 falsa
1078 1922 1223 1984 legat.
1270 1920 1359 1967 12:
1404 1919 1464 1966 Οἱ
1498 1921 1824 1985 καταγγελεῐς
1853 1917 1952 1965 τῶν

116 1997 329 2066 ἀγώνων
355 2001 639 2049 καλοῦνται
682 2018 758 2048 an
776 2022 802 2049 ο
823 2001 893 2049 νδ
909 2022 935 2049 o
953 2022 991 2062 φ
1009 2001 1035 2049 ό
1051 2022 1076 2065 ρ
1095 2022 1120 2049 O
1138 2021 1151 2048 ι
1193 2005 1282 2048 καὶ
1311 1995 1338 2049 ὂ
1361 1999 1553 2063 χρόνος
1580 2006 1796 2059 ἐκεῖνος,
1826 2005 1953 2048 καθ’

115 2080 177 2132 ὃν
205 2079 419 2150 ἄγονται
449 2085 494 2131 οὶ
524 2082 742 2150 ἀγῶνες,
784 2085 1029 2141 σπονδαί,
1074 2082 1155 2132 διά
1198 2083 1254 2131 τὸ
1284 2091 1386 2139 τοῖς
1417 2088 1554 2140 θεοῖς
1582 2084 1690 2132 τότε
1719 2087 1957 2151 γίνεσθαι

116 2165 336 2223 σπονδάς
366 2162 487 2232 ὑπὲρ
516 2166 596 2225 τῆς
616 2163 876 2223 ζΕλλοὶδ()ς.
904 2170 1183 2229 (Ludorum
1210 2170 1365 2217 nuntii
1395 2177 1637 2218 vocantur
1666 2170 1957 2218 libationum

113 2252 321 2311 latores,
350 2262 398 2300 et
425 2260 619 2318 tempus
646 2252 790 2313 illud,
819 2271 915 2317 quo
942 2252 1040 2301 ludi
1069 2259 1309 2316 aguntur,
1348 2252 1545 2312 libatio,
1584 2252 1698 2316 quia
1724 2260 1841 2300 tunc
1868 2252 1957 2301 diis

114 2353 204 2401 pro
231 2336 388 2384 salute
418 2335 656 2385 Graeciae
686 2336 881 2396 libant.)

880 2475 979 2528 Ad
1004 2476 1193 2528 1253.

258 2583 415 2634 Aetoli
447 2593 494 2633 et
522 2586 641 2650 Epei
662 2584 983 2651 jurejurando
1012 2585 1301 2650 interposito
1341 2586 1551 2650 professi
1587 2594 1700 2634 sunt
1727 2585 1956 2635 Eleorum

118 2668 353 2717 ditionem
379 2669 494 2717 Jovi
537 2686 642 2717 esse
683 2687 898 2718 sacram:
940 2669 1020 2733 qui
1057 2686 1164 2716 eam
1193 2676 1382 2717 armata
1409 2669 1453 2715 vi
1483 2669 1776 2729 incesseret,
1818 2669 1952 2718 nefa-

113 2752 238 2799 rium
265 2752 571 2805 habendum,
599 2752 869 2817 eodemque
896 2753 1005 2800 loco
1022 2789 1034 2811 ,
1071 2753 1151 2817 qui
1180 2753 1227 2800 id
1256 2751 1413 2800 scelus
1440 2770 1538 2800 non
1567 2770 1654 2817 pro
1683 2752 1809 2801 virili
1839 2752 1953 2801 ulci-

115 2844 345 2884 sceretur.
401 2835 544 2884 Unde
586 2843 904 2884 consecutum
945 2842 1043 2895 est,
1093 2843 1171 2895 ut,
1221 2836 1300 2899 qui
1342 2836 1515 2884 urbem
1555 2835 1743 2884 Elidem
1783 2844 1955 2902 postea

115 2919 411 2979 conderent,
442 2918 583 2966 nullis
611 2935 718 2966 eam
745 2918 999 2982 cingerent
1027 2919 1203 2979 muris,
1242 2926 1290 2966 et
1316 2919 1397 2982 qui
1425 2919 1640 2967 exercitu
1667 2936 1754 2984 per
1782 2920 1951 2969 Eleam

115 3003 270 3063 irent,
311 3020 443 3051 arma
483 3001 614 3049 Eleis
653 3002 927 3061 traderent,
970 3001 1251 3065 egressique
1292 3001 1461 3049 eorum
1502 3004 1623 3050 fines
1664 3003 1952 3069 reciperent.

116 3084 381 3145 (Strabo
410 3085 547 3145 VIII,
577 3085 622 3144 3,
651 3084 731 3132 33.
760 3103 806 3149 p.
837 3085 981 3143 548.)

259 3168 422 3228 Quum
452 3168 554 3216 Elei
587 3167 851 3231 juventute
890 3167 1201 3215 abundarent
1239 3185 1294 3215 ac
1324 3168 1673 3232 rempublicam
1714 3170 1954 3218 haberent

116 3258 247 3298 recte
275 3252 616 3311 constitutam,
655 3250 1033 3298 Lacedaemonii
1063 3250 1422 3299 incrementum
1450 3268 1613 3302 eorum
1640 3253 1808 3312 veriti,
1838 3268 1949 3316 ope-

115 3351 222 3381 ram·
246 3333 516 3394 dederunt,
557 3341 609 3381 ut
634 3333 927 3382 sacrosancti
957 3340 1146 3394 essent,
1188 3351 1284 3398 quo
1312 3333 1360 3382 in
1387 3351 1506 3401 pace
1535 3336 1798 3399 degentes,
1843 3335 1947 3382 nul-
