2161 3673
590 203 785 235 Jumcm
818 202 1099 234 CAUSARUM
1126 203 1464 237 CAPITALIUM.
1847 194 1944 241 145

965 330 1079 378 590.

245 425 450 474 Praeter
471 424 591 473 haec
618 431 849 489 quartum
876 424 1034 484 aliud,
1079 424 1139 473 ad
1168 426 1485 492 Prytaneum.
1539 429 1596 479 Id
1623 447 1741 479 vero
1769 437 1867 491 est,
1904 433 1942 479 si

102 509 226 574 lapis
256 516 339 557 aut
364 509 558 572 lignum
596 515 680 555 aut
718 507 901 555 ferrum
940 516 1023 555 aut
1057 509 1153 557 tale
1181 511 1435 577 quippiam
1461 511 1714 578 delapsum
1742 530 1939 578 percus-

101 592 244 653 serit,
274 599 419 657 atque
447 590 618 655 aliquis
645 592 868 654 ignoret,
897 609 926 639 a
951 609 1047 656 quo
1075 609 1132 640 ea
1159 610 1235 642 res
1263 595 1487 660 conjecta
1512 596 1598 657 sit,
1634 596 1794 661 ipsam
1823 614 1942 645 vero

101 675 229 725 norit
256 682 303 724 et
328 674 510 723 habeat
536 692 631 739 qua
657 674 832 723 caedes
860 673 991 723 facta
1017 682 1115 737 est,
1156 676 1230 725 his
1272 679 1417 727 rebus
1456 679 1507 727 in
1545 679 1639 727 hoc
1677 680 1785 728 loco
1805 680 1934 745 judi-

101 758 229 807 cium
257 758 412 806 datur.

958 829 1073 879 591.

248 917 596 987 Προεστήκασι
625 920 673 970 δὲ
701 920 888 970 τούτου
915 922 1013 970 τοῦ
1050 921 1380 988 δικαστηρίου
1419 929 1779 989 φυλοβασιλεῖς
1798 966 1809 985 ,
1851 923 1940 984 οὓς

101 1006 178 1055 δεῖ
197 1005 256 1055 τὸ
286 1008 505 1070 ἐζιιπεσον
533 1001 748 1072 ἄψυχον
774 1000 1081 1069 ὑπερορίσαι.
1252 1009 1457 1068 (Pollux
1485 1011 1621 1073 VIII,
1653 1013 1795 1072 120.)

959 1115 1075 1164 591.

239 1212 483 1260 Praesunt
510 1217 671 1258 autem
710 1209 821 1258 huic
856 1208 1041 1274 judicio
1069 1208 1311 1258 Tribuum
1351 1211 1539 1275 Reges,
1583 1231 1705 1277 quos
1745 1224 1939 1281 oportet

97 1295 349 1360 delapsam
375 1294 639 1343 inanimam
665 1311 768 1342 rem
797 1301 934 1342 extra
961 1294 1084 1342 fines
1112 1293 1302 1359 ejicere.

958 1415 1074 1463 592.

238 1510 487 1571 Πέμπτον
514 1505 841 1571 δικαστήριον
885 1505 943 1555 τὸ
985 1512 1040 1555 ἐν
1083 1510 1356 1570 Φρεαττοῖ·
1399 1508 1631 1557 ἐνταῦθα
1675 1508 1750 1558 δεῖ
1787 1508 1935 1568 δίκας

91 1584 329 1652 ὑπέχειν,
373 1589 465 1639 ἐάν
491 1610 562 1645 τις
589 1594 662 1638 ἐπ’
692 1588 926 1654 ἀκουσίῳ
955 1588 1103 1654 φόνῳ
1132 1589 1392 1658 πεφευγώς
1409 1630 1419 1648 ,
1443 1590 1591 1655 μήπω
1617 1593 1720 1642 τῶν
1746 1597 1938 1660 ἐκβαλ-

93 1673 291 1723 λόντων
329 1671 492 1722 αὐτὸν
529 1671 844 1738 ᾐδεσμένων,
900 1676 1075 1722 αἰτίαν
1117 1675 1207 1736 ἔχῃ
1248 1677 1417 1739 ἑτέρου
1456 1674 1627 1737 φόνου
1667 1681 1938 1728 ἑκουσίου·

94 1762 183 1806 καὶ
222 1755 340 1813 τούς
380 1755 683 1814 δικάσοντας
724 1756 952 1815 ἀπιέναι,
996 1755 1054 1806 οἷ
1084 1761 1388 1821 προσελθεῖν
1417 1755 1584 1808 οἷόντε
1610 1764 1824 1826 ἐκείνῳ,
1868 1765 1938 1819 εἰς

92 1841 252 1890 τόπον
289 1838 404 1889 τινοὶ
448 1846 503 1889 ἐν
546 1844 792 1904 Φρεαττοῖ
830 1839 1188 1905 καλούμενον,
1230 1845 1310 1890 ἐπὶ
1354 1841 1609 1906 θαλάττῃ·
1648 1843 1747 1893 εἶθ’
1777 1841 1803 1896 ὁ
1839 1849 1938 1911 μὲν

92 1929 148 1973 ἐν
174 1928 337 1989 πλοίῳ
365 1923 704 1987 προςπλεύσας
731 1927 886 1992 λέγει,
914 1924 999 1984 τῆς
1025 1924 1114 1992 γῆς
1142 1921 1243 1986 οὐχ
1272 1920 1585 1990 ἁπτόμενος,
1622 1930 1668 1976 οἱ
1698 1928 1742 1977 δ’
1772 1928 1935 1995 ἀκρο-

93 2010 246 2059 ῶνται
276 2014 365 2058 καὶ
395 2008 698 2070 δικάζουσιν
724 2015 778 2059 ἐν
805 2010 862 2072 τῇ
890 2010 980 2078 γῇ·
1016 2007 1122 2058 κᾶν
1143 2012 1242 2074 μὲν
1267 2006 1392 2076 ἁλῷ,
1421 2011 1514 2072 τήν
1539 2017 1617 2062 ἐπὶ
1645 2022 1750 2071 τοῖς
1778 2018 1932 2063 ἑκου-

93 2097 218 2151 σίοις
245 2093 426 2156 φόνοις
455 2092 606 2153 δίκην
635 2093 870 2151 δίδωσιν,
912 2092 1004 2142 ἐὰν
1032 2093 1080 2141 δὲ
1112 2092 1355 2163 ἀποφύγῃ
1373 2135 1384 2153 ,
1426 2096 1606 2156 ταύτης
1633 2101 1731 2162 μὲν
1759 2096 1936 2163 ἀθῷος

93 2177 327 2241 ἀφίεται,
368 2177 423 2239 τι)
436 2198 462 2226 ν
489 2178 533 2226 δ’
558 2184 634 2228 ἐπὶ
663 2179 736 2243 τῳ
764 2178 1011 2244 πρότερον
1037 2178 1183 2244 φόνῳ
1212 2179 1386 2247 φυγήν
1412 2177 1602 2245 ὑπέχει.

828 2265 1108 2325 (Demosth.
1137 2283 1175 2314 c.
1206 2265 1438 2316 Aristocr.
1469 2269 1790 2329 645—-646.)

954 2374 1068 2422 592.

234 2468 474 2529 Quintum
492 2468 734 2534 judicium
761 2475 834 2517 est
861 2467 1210 2529 Phreatteum⁷
1254 2469 1304 2518 in
1332 2487 1428 2534 quo
1456 2488 1603 2520 causa
1629 2472 1724 2520 dici
1753 2471 1926 2533 debet,

91 2553 131 2601 si
158 2552 265 2616 quis
293 2553 355 2601 ob
384 2552 586 2601 caedem
614 2552 868 2601 fortuitam
894 2552 944 2599 in
972 2552 1171 2600 exilium
1199 2552 1480 2617 profectus,
1522 2554 1741 2603 nondum
1768 2557 1929 2604 conci-

90 2636 217 2683 liatis
244 2635 546 2696 vindicibus,
588 2634 786 2683 alterius
827 2634 990 2683 caedis
1030 2635 1338 2684 voluntariae
1375 2644 1632 2685 accusatus
1659 2638 1734 2686 sit.
1786 2638 1929 2687 Judi-

91 2719 244 2766 caturi
270 2736 387 2768 vero
415 2719 613 2779 abeunt,
642 2736 737 2783 quo
763 2718 833 2766 illi
859 2718 1093 2766 accedere
1122 2718 1194 2766 fas
1224 2726 1309 2779 est,
1339 2718 1400 2766 ad
1427 2719 1592 2768 locum
1618 2721 1700 2785 qui
1726 2721 1929 2771 Phreat—

88 2808 165 2849 tus
203 2802 514 2867 appellatur,
554 2801 616 2850 ad
653 2817 803 2850 mare.
855 2802 974 2850 Post
1012 2802 1093 2850 ille
1133 2819 1259 2850 nave
1299 2802 1536 2852 accedens
1576 2820 1774 2854 causam
1814 2805 1930 2853 dicit

88 2892 219 2933 terra
258 2903 359 2933 non
398 2891 651 2947 contacta,
692 2885 762 2933 illi
800 2886 851 2933 in
893 2894 1025 2934 terra
1064 2885 1341 2933 auscultant
1375 2893 1422 2933 et
1440 2885 1680 2949 judicant.
1733 2886 1785 2935 Si
1812 2905 1927 2937 con-

89 2967 322 3029 vincitur,
351 2985 538 3034 poenas
564 2968 653 3017 luit
680 2968 817 3018 caedi
843 2969 1151 3017 voluntariae
1180 2967 1497 3031 constitutas;
1536 2970 1612 3018 sin
1639 2970 1926 3033 absolvitur,

89 3048 330 3100 indemnis
358 3052 463 3117 ejus
491 3051 707 3101 criminis
734 3053 850 3114 abit,
869 3060 915 3101 et
932 3052 1130 3101 exilium
1156 3051 1219 3099 ob
1235 3051 1450 3116 priorem
1476 3053 1678 3103 caedem
1703 3055 1925 3103 sustinet.

234 3263 295 3310 Οἱ
335 3259 629 3322 δικάζοντες
667 3259 754 3318 τὰς
793 3266 873 3324 ἐφ’
915 3264 1127 3325 αἵματος
1166 3263 1355 3325 κρίσεις
1393 3267 1472 3312 ἐπὶ
1514 3264 1796 3329 Παλλαδίῳ
1835 3267 1925 3312 καὶ

92 3345 168 3391 ἐπὶ
201 3347 502 3412 Πρυτανείῳ
530 3350 620 3394 καὶ
648 3349 727 3394 ἐπὶ
756 3348 1011 3409 Δελφινίῳ
1051 3349 1139 3392 καὶ
1179 3350 1235 3393 ἐν
1276 3350 1484 3411 Φρέατι,
1519 3347 1785 3410 Ἐφέται
1825 3368 1925 3395 κα-

1591 3434 1643 3474 10
