2161 3673
811 154 916 184 mus
958 154 1154 184 nmen.
1801 137 1898 183 177

923 280 1037 328 718.

204 362 314 410 Duo
342 370 455 410 sunt
480 371 771 427 suggestus,
801 364 978 411 actoris
1022 372 1069 411 et
1098 364 1192 417 rei;
1232 371 1279 412 et
1307 363 1463 411 altero
1492 362 1645 410 verba
1672 363 1896 424 faciente,

62 445 184 493 alter
209 445 371 506 sedet,
413 446 569 495 donec
598 447 748 494 verba
778 447 963 495 fecerit.

207 622 290 685 Τιῇ
317 621 559 689 φεύγοντι
597 628 650 670 ἐν
683 622 750 685 τῷ
777 623 1084 686 δικαστηρίῳ
1131 621 1216 680 τὴν
1259 621 1429 681 δεξιάν
1470 621 1645 669 στάσιν
1685 621 1896 670 διδόναι,

855 707 1128 768 (Aristotel.
1159 709 1402 756 Problein.
1433 709 1620 767 ΧΧΙΧ,
1653 708 1759 765 12.)

204 898 306 947 Reo
334 898 506 947 dexter
533 916 696 947 coram
719 897 903 963 judicio
933 899 1066 946 locus
1095 898 1249 947 detur.

203 1085 307 1134 Δύο
335 1081 519 1154 λόγους
550 1087 646 1135 τῶν
675 1085 956 1135 ἀντιδίκων
988 1086 1185 1150 ἑκάστῳ
1214 1084 1519 1134 ἀποδοῦναι.

1077 1171 1392 1230 (Anaxinien.
1424 1172 1543 1219 rhet.
1578 1172 1655 1232 18,
1687 1173 1759 1229 3.)

203 1353 342 1399 Duae
368 1351 613 1399 orationes
640 1351 814 1414 cuique
844 1348 1237 1399 adversariorum
1270 1351 1618 1400 concedantur.

921 1457 1037 1505 721.

192 1541 390 1589 ‘H'Vt‘xa
431 1538 524 1588 δύο
564 1543 657 1588 εἰσι
698 1537 1008 1606 κατήγοροι,
1050 1539 1123 1587 ὠν
1163 1533 1190 1587 ὖ
1226 1540 1324 1601 μὲν
1363 1537 1431 1594 εἷς
1473 1538 1737 1604 νεώτερος,
1780 1539 1807 1588 ὦ
1852 1543 1899 1588 δὲ

59 1628 220 1688 ἕτερος
248 1623 594 1689 πρεσβύτερος,
624 1624 773 1680 οὗτος
800 1622 1050 1687 λαμβάνει
1079 1621 1172 1681 τὴν
1194 1626 1549 1690 πρωτολογίαν
1576 1643 1644 1671 κα
1656 1623 1709 1672 τά
1739 1624 1901 1688 τιμήν,

348 1710 621 1776 (Anonymi
649 1717 921 1773 argument.
951 1709 1000 1756 in
1027 1709 1281 1757 Demosth.
1311 1726 1350 1757 c.
1380 1708 1583 1759 Androt.
1614 1710 1758 1769 592.)

918 1816 1034 1865 721.

201 1902 365 1962 Quum
392 1901 487 1950 duo
515 1909 628 1949 sunt
655 1907 988 1962 accusatoreS,
1018 1918 1223 1965 quorum
1251 1901 1374 1949 alter
1402 1908 1476 1949 est
1504 1908 1621 1949 natu
1648 1902 1806 1949 minor
1832 1902 1898 1949 al-

60 1994 134 2035 ter
161 1987 333 2051 major,
360 1984 472 2033 huic
500 1985 699 2033 honoris
726 1985 886 2048 gratia
913 1985 1100 2050 primae
1118 1985 1166 2031 in
1191 1984 1386 2047 agendo
1414 1993 1575 2049 partes
1604 1985 1899 2033 tribuuntur.

919 2092 1035 2140 722.

201 2183 305 2235 Λύο
332 2183 506 2250 τρόποι
536 2187 629 2233 εἰσὶ
659 2184 1060 2252 δευτερολογίας,
1091 2182 1119 2233 ὅ
1147 2206 1196 2233 τε
1224 2188 1301 2234 ἐπὶ
1328 2185 1431 2233 τῶν
1460 2184 1733 2235 ἰδιωτικῶν
1761 2184 1897 2254 ἁγώ-

62 2290 163 2322 νων
189 2273 278 2318 καὶ
306 2264 334 2318 ὁ
364 2273 443 2318 ἐπὶ
471 2269 573 2318 τῶν
600 2271 880 2333 δημοσίων·
927 2273 1005 2318 ἐπὶ
1028 2271 1123 2332 μὲν
1152 2269 1255 2317 τῶν
1283 2269 1559 2318 ἰδιωτικῶν
1585 2266 1612 2319 ὁ
1642 2268 1710 2325 εἷς
1739 2290 1896 2329 xum]—

58 2362 200 2421 γορεῖ
222 2353 324 2403 τῶν
362 2352 684 2412 διωκόντων,
724 2352 831 2402 εἶτα
859 2348 886 2402 ὁ
917 2353 1127 2422 φεύγων
1154 2352 1479 2421 ἀπολογεῖται
1497 2392 1509 2411 ,
1552 2352 1657 2401 εἶτα
1687 2352 1841 2402 πάλιν
1868 2351 1895 2402 ὁ

58 2442 219 2503 ἕτερος
259 2436 538 2505 κατήγορος
577 2445 878 2505 κατηγορεῖ,
918 2436 1023 2486 εἶτα
1065 2433 1092 2487 ὁ
1134 2435 1340 2505 φεύγων
1380 2436 1532 2488 πάλιν
1571 2436 1898 2504 ἀπολογεῖται

60 2519 181 2585 πρὸς
208 2521 410 2570 τοῦτον.
455 2518 575 2570 ‘Eml
604 2521 652 2571 δὲ
681 2521 786 2570 τῶν
813 2520 1068 2585 δημοσίων
1095 2523 1142 2569 οἱ
1184 2520 1280 2569 δυό
1321 2520 1497 2582 ἑφεξῆς
1523 2521 1896 2587 κατηγοροῦσι,

59 2603 163 2653 εἶτα
192 2600 218 2654 ὃ
248 2603 454 2673 φεύγων
480 2603 600 2669 πρὸς
626 2602 718 2663 τὴν
741 2605 845 2654 τῶν
873 2603 966 2654 δύο
993 2609 1310 2672 κατηγορίαν
1337 2602 1678 2670 ἀπολογεῖται.

276 2691 463 2753 (Schol.
490 2691 541 2739 in
568 2697 839 2755 argument.
868 2691 1186 2740 Demosthen.
1215 2707 1254 2738 c.
1286 2689 1574 2740 Androtion.
1605 2690 1750 2748 592.)

917 2799 1032 2847 722.

201 2883 312 2931 Duo
338 2888 453 2931 sunt
478 2880 610 2929 modi
637 2882 853 2931 secundo
881 2883 988 2932 loco
1023 2881 1221 2931 habitae
1262 2881 1520 2939 orationis,
1562 2881 1686 2929 alter
1724 2883 1772 2930 in
1801 2884 1896 2948 pri-

60 2965 185 3014 vatis
211 2966 337 3014 alter
364 2965 415 3013 in
441 2964 653 3029 publicis
680 2966 852 3014 causis.
907 2967 964 3015 In
992 2964 1194 3030 privatis
1229 2963 1386 3011 causis
1416 2981 1538 3013 unus
1566 2973 1787 3014 actorum
1817 2984 1873 3014 ac

61 3057 223 3111 cusat,
265 3049 442 3098 deinde
473 3066 582 3097 reus
611 3066 661 3097 se
689 3049 938 3109 defendit,
981 3047 1211 3114 posthaec
1239 3048 1412 3095 iterum
1441 3049 1564 3097 alter
1591 3060 1727 3099 actor
1756 3067 1894 3099 accu-

61 3142 155 3194 sat,
194 3141 365 3184 contra
391 3151 537 3199 quem
565 3151 674 3182 reus
702 3152 752 3182 se
780 3135 956 3183 iterum
983 3132 1215 3181 defendit.
1271 3133 1328 3180 In
1356 3132 1563 3196 publicis
1593 3141 1752 3182 autem
1782 3150 1893 3180 cau-

63 3217 153 3277 sis„
201 3218 297 3266 duo
337 3225 525 3266 actores
566 3216 733 3264 ordine
762 3224 1016 3274 accusant,
1060 3223 1106 3262 et
1134 3232 1242 3262 reus
1271 3222 1439 3264 contra
1472 3224 1789 3280 utrorumque
1819 3232 1893 3262 uc-

65 3301 365 3349 cusationem
393 3318 441 3349 se
470 3299 705 3349 defendit.

1563 3383 1612 3423 12
