<?xml version="1.0" encoding="UTF-8"?>
<!DOCTYPE html PUBLIC "-//W3C//DTD XHTML 1.0 Transitional//EN"
    "http://www.w3.org/TR/xhtml1/DTD/xhtml1-transitional.dtd">
<html xmlns="http://www.w3.org/1999/xhtml" xml:lang="en" lang="en">
 <head>
  <title>
</title>
<meta http-equiv="Content-Type" content="text/html;charset=utf-8" />
  <meta name='ocr-system' content='tesseract 3.04.00' />
  <meta name='ocr-capabilities' content='ocr_page ocr_carea ocr_par ocr_line ocrx_word'/>
</head>
<body>
  <div class='ocr_page' id='page_1' title='image "./synaggtnattiknno00tluoft_0354.png"; bbox 0 0 2114 3642; ppageno 0'>
   <div class='ocr_carea' id='block_1_1' title="bbox 145 243 1243 290">
    <p class='ocr_par' dir='ltr' id='par_1_1' title="bbox 145 243 1243 290">
     <span class='ocr_line' id='line_1_1' title="bbox 145 243 1243 290; baseline -0.007 0"><span class='ocrx_word' id='word_1_1' title='bbox 145 243 245 290; x_wconf 84' lang='lat'>328</span> <span class='ocrx_word' id='word_1_2' title='bbox 647 262 657 272; x_wconf 93' lang='lat'>·</span> <span class='ocrx_word' id='word_1_3' title='bbox 862 253 942 284; x_wconf 78' lang='lat' dir='ltr'>ms</span> <span class='ocrx_word' id='word_1_4' title='bbox 967 250 1243 284; x_wconf 86' lang='lat' dir='ltr'>PUBLICUM.</span> 
     </span>
    </p>
   </div>
   <div class='ocr_carea' id='block_1_2' title="bbox 144 466 1968 621">
    <p class='ocr_par' dir='ltr' id='par_1_2' title="bbox 144 466 1968 621">
     <span class='ocr_line' id='line_1_2' title="bbox 276 466 1968 541; baseline -0.005 -18"><span class='ocrx_word' id='word_1_5' title='bbox 276 474 355 525; x_wconf 65' lang='lat' dir='ltr'>‘Ie</span> <span class='ocrx_word' id='word_1_6' title='bbox 373 498 397 541; x_wconf 80' lang='grc' dir='ltr'><em>ρ</em></span> <span class='ocrx_word' id='word_1_7' title='bbox 415 496 489 540; x_wconf 91' lang='grc' dir='ltr'>ομ</span> <span class='ocrx_word' id='word_1_8' title='bbox 508 495 536 524; x_wconf 92' lang='grc' dir='ltr'><em>ν</em></span> <span class='ocrx_word' id='word_1_9' title='bbox 552 472 624 537; x_wconf 84' lang='grc' dir='ltr'>ήμ</span> <span class='ocrx_word' id='word_1_10' title='bbox 641 492 667 520; x_wconf 93' lang='lat' dir='ltr'>o</span> <span class='ocrx_word' id='word_1_11' title='bbox 686 474 785 527; x_wconf 80' lang='grc' dir='ltr'>νές</span> <span class='ocrx_word' id='word_1_12' title='bbox 823 473 950 519; x_wconf 84' lang='grc' dir='ltr'><em>εἰσιν</em></span> <span class='ocrx_word' id='word_1_13' title='bbox 978 472 1024 518; x_wconf 81' lang='grc' dir='ltr'>οἱ</span> <span class='ocrx_word' id='word_1_14' title='bbox 1053 468 1363 535; x_wconf 75' lang='grc' dir='ltr'><em>πεμπόμενοι</em></span> <span class='ocrx_word' id='word_1_15' title='bbox 1399 471 1469 527; x_wconf 80' lang='grc' dir='ltr'><em>εἰς</em></span> <span class='ocrx_word' id='word_1_16' title='bbox 1506 466 1563 518; x_wconf 79' lang='grc' dir='ltr'>τὸ</span> <span class='ocrx_word' id='word_1_17' title='bbox 1604 468 1706 517; x_wconf 73' lang='grc' dir='ltr'><em>τῶν</em></span> <span class='ocrx_word' id='word_1_18' title='bbox 1736 466 1968 533; x_wconf 79' lang='grc' dir='ltr'><em>Ἀμφικ-</em></span> 
     </span>
     <span class='ocr_line' id='line_1_3' title="bbox 144 552 1967 621; baseline -0.005 -12"><span class='ocrx_word' id='word_1_19' title='bbox 144 560 339 610; x_wconf 81' lang='grc' dir='ltr'><em>τυόνων</em></span> <span class='ocrx_word' id='word_1_20' title='bbox 389 557 648 621; x_wconf 77' lang='grc' dir='ltr'><em>συνέδριον</em></span> <span class='ocrx_word' id='word_1_21' title='bbox 675 559 724 613; x_wconf 73' lang='grc' dir='ltr'>ἐξ</span> <span class='ocrx_word' id='word_1_22' title='bbox 759 553 965 612; x_wconf 73' lang='grc' dir='ltr'><em>ἑκάστης</em></span> <span class='ocrx_word' id='word_1_23' title='bbox 1005 552 1191 609; x_wconf 76' lang='grc' dir='ltr'><em>πόλεως</em></span> <span class='ocrx_word' id='word_1_24' title='bbox 1228 555 1330 603; x_wconf 74' lang='grc' dir='ltr'><em>τῶν</em></span> <span class='ocrx_word' id='word_1_25' title='bbox 1367 553 1459 603; x_wconf 80' lang='grc' dir='ltr'>τοῦ</span> <span class='ocrx_word' id='word_1_26' title='bbox 1512 552 1776 617; x_wconf 76' lang='grc' dir='ltr'><em>συνεδρίου</em></span> <span class='ocrx_word' id='word_1_27' title='bbox 1821 571 1967 616; x_wconf 80' lang='grc' dir='ltr'><em>μετε-</em></span> 
     </span>
    </p>
   </div>
   <div class='ocr_carea' id='block_1_3' title="bbox 137 639 1820 759">
    <p class='ocr_par' dir='ltr' id='par_1_3' title="bbox 137 639 1820 759">
     <span class='ocr_line' id='line_1_4' title="bbox 137 639 1820 759; baseline -0.003 -67"><span class='ocrx_word' id='word_1_28' title='bbox 137 645 312 705; x_wconf 73' lang='grc' dir='ltr'><em>χουσῶ</em></span> <span class='ocrx_word' id='word_1_29' title='bbox 319 663 359 694; x_wconf 89' lang='grc' dir='ltr'>ν.</span> <span class='ocrx_word' id='word_1_30' title='bbox 985 711 1008 758; x_wconf 74' lang='lat'>1</span> <span class='ocrx_word' id='word_1_31' title='bbox 1019 712 1113 759; x_wconf 70' lang='lat'>28¹</span> <span class='ocrx_word' id='word_1_32' title='bbox 1422 639 1820 705; x_wconf 83' lang='lat' dir='ltr'>(HarpocratiO.)</span> 
     </span>
    </p>
   </div>
   <div class='ocr_carea' id='block_1_4' title="bbox 143 805 1967 958">
    <p class='ocr_par' dir='ltr' id='par_1_4' title="bbox 143 805 1967 958">
     <span class='ocr_line' id='line_1_5' title="bbox 283 805 1966 872; baseline -0.004 -13"><span class='ocrx_word' id='word_1_33' title='bbox 283 811 539 860; x_wconf 83' lang='lat' dir='ltr'>Sacrorum</span> <span class='ocrx_word' id='word_1_34' title='bbox 565 825 805 857; x_wconf 83' lang='lat' dir='ltr'>memores</span> <span class='ocrx_word' id='word_1_35' title='bbox 832 814 971 869; x_wconf 78' lang='lat' dir='ltr'>sunt,</span> <span class='ocrx_word' id='word_1_36' title='bbox 1015 807 1097 871; x_wconf 89' lang='lat' dir='ltr'>qui</span> <span class='ocrx_word' id='word_1_37' title='bbox 1124 806 1184 855; x_wconf 87' lang='lat' dir='ltr'>ad</span> <span class='ocrx_word' id='word_1_38' title='bbox 1212 805 1628 872; x_wconf 81' lang='lat' dir='ltr'><strong>Amphictyonum</strong></span> <span class='ocrx_word' id='word_1_39' title='bbox 1654 805 1913 855; x_wconf 90' lang='lat' dir='ltr'>concilium</span> <span class='ocrx_word' id='word_1_40' title='bbox 1942 821 1966 853; x_wconf 86' lang='lat' dir='ltr'>e</span> 
     </span>
     <span class='ocr_line' id='line_1_6' title="bbox 143 890 1967 958; baseline -0.004 -15"><span class='ocrx_word' id='word_1_41' title='bbox 143 895 344 958; x_wconf 84' lang='lat' dir='ltr'>singulis</span> <span class='ocrx_word' id='word_1_42' title='bbox 370 893 668 954; x_wconf 82' lang='lat' dir='ltr'>civitatibus,</span> <span class='ocrx_word' id='word_1_43' title='bbox 698 908 821 957; x_wconf 87' lang='lat' dir='ltr'>quae</span> <span class='ocrx_word' id='word_1_44' title='bbox 849 891 977 939; x_wconf 89' lang='lat' dir='ltr'>illius</span> <span class='ocrx_word' id='word_1_45' title='bbox 1005 890 1220 955; x_wconf 84' lang='lat' dir='ltr'>synedrii</span> <span class='ocrx_word' id='word_1_46' title='bbox 1248 891 1512 956; x_wconf 83' lang='lat' dir='ltr'>participes</span> <span class='ocrx_word' id='word_1_47' title='bbox 1541 897 1666 949; x_wconf 88' lang='lat' dir='ltr'>sunt,</span> <span class='ocrx_word' id='word_1_48' title='bbox 1694 890 1967 938; x_wconf 88' lang='lat' dir='ltr'>mittuntur.</span> 
     </span>
    </p>
   </div>
   <div class='ocr_carea' id='block_1_5' title="bbox 139 998 1967 1824">
    <p class='ocr_par' dir='ltr' id='par_1_5' title="bbox 139 998 1967 1824">
     <span class='ocr_line' id='line_1_7' title="bbox 976 998 1125 1046; baseline 0.013 -2"><span class='ocrx_word' id='word_1_49' title='bbox 976 998 1125 1046; x_wconf 93' lang='grc'><strong>1282.</strong></span> 
     </span>
     <span class='ocr_line' id='line_1_8' title="bbox 285 1071 1964 1158; baseline -0.003 -16"><span class='ocrx_word' id='word_1_50' title='bbox 285 1095 343 1143; x_wconf 77' lang='grc' dir='ltr'>Οἱ</span> <span class='ocrx_word' id='word_1_51' title='bbox 370 1091 724 1158; x_wconf 75' lang='grc' dir='ltr'>ἱερομνήμονες</span> <span class='ocrx_word' id='word_1_52' title='bbox 753 1090 1073 1141; x_wconf 72' lang='grc' dir='ltr'><em>συνθύουσιν</em></span> <span class='ocrx_word' id='word_1_53' title='bbox 1099 1093 1166 1147; x_wconf 85' lang='grc' dir='ltr'><em>εἰς</em></span> <span class='ocrx_word' id='word_1_54' title='bbox 1188 1071 1256 1139; x_wconf 26' lang='grc' dir='ltr'>’τὸ</span> <span class='ocrx_word' id='word_1_55' title='bbox 1300 1090 1562 1155; x_wconf 77' lang='grc' dir='ltr'><em>συνέδριον</em></span> <span class='ocrx_word' id='word_1_56' title='bbox 1600 1089 1702 1139; x_wconf 76' lang='grc' dir='ltr'><em>τῶν</em></span> <span class='ocrx_word' id='word_1_57' title='bbox 1732 1088 1964 1154; x_wconf 79' lang='grc' dir='ltr'><em>Ἀμφικ-</em></span> 
     </span>
     <span class='ocr_line' id='line_1_9' title="bbox 141 1175 1824 1242; baseline -0.001 -17"><span class='ocrx_word' id='word_1_58' title='bbox 141 1175 349 1229; x_wconf 77' lang='grc' dir='ltr'><em>τυόνων.</em></span> <span class='ocrx_word' id='word_1_59' title='bbox 995 1178 1223 1238; x_wconf 86' lang='lat' dir='ltr'>(Bekker</span> <span class='ocrx_word' id='word_1_60' title='bbox 1248 1176 1412 1226; x_wconf 82' lang='lat' dir='ltr'>anecd.</span> <span class='ocrx_word' id='word_1_61' title='bbox 1439 1195 1512 1241; x_wconf 82' lang='lat' dir='ltr'>gr.</span> <span class='ocrx_word' id='word_1_62' title='bbox 1541 1178 1576 1227; x_wconf 94' lang='lat' dir='ltr'>I.</span> <span class='ocrx_word' id='word_1_63' title='bbox 1605 1195 1651 1242; x_wconf 91' lang='lat' dir='ltr'>p.</span> <span class='ocrx_word' id='word_1_64' title='bbox 1680 1177 1824 1236; x_wconf 84' lang='grc'><strong>266.)</strong></span> 
     </span>
     <span class='ocr_line' id='line_1_10' title="bbox 974 1283 1123 1333; baseline 0.013 -2"><span class='ocrx_word' id='word_1_65' title='bbox 974 1283 1123 1333; x_wconf 90' lang='grc'><strong>1282.</strong></span> 
     </span>
     <span class='ocr_line' id='line_1_11' title="bbox 280 1377 1965 1444; baseline -0.002 -14"><span class='ocrx_word' id='word_1_66' title='bbox 280 1380 535 1430; x_wconf 86' lang='lat' dir='ltr'>Sacrorum</span> <span class='ocrx_word' id='word_1_67' title='bbox 568 1396 810 1429; x_wconf 83' lang='lat' dir='ltr'>memores</span> <span class='ocrx_word' id='word_1_68' title='bbox 840 1395 937 1428; x_wconf 90' lang='lat' dir='ltr'>una</span> <span class='ocrx_word' id='word_1_69' title='bbox 960 1379 1235 1427; x_wconf 85' lang='lat' dir='ltr'>sacrificant</span> <span class='ocrx_word' id='word_1_70' title='bbox 1255 1378 1303 1427; x_wconf 93' lang='lat' dir='ltr'>in</span> <span class='ocrx_word' id='word_1_71' title='bbox 1319 1378 1521 1427; x_wconf 84' lang='lat' dir='ltr'>concilio</span> <span class='ocrx_word' id='word_1_72' title='bbox 1539 1377 1965 1444; x_wconf 84' lang='lat' dir='ltr'>Amphictyonum.</span> 
     </span>
     <span class='ocr_line' id='line_1_12' title="bbox 984 1487 1133 1535; baseline 0.007 -1"><span class='ocrx_word' id='word_1_73' title='bbox 984 1487 1133 1535; x_wconf 81' lang='grc'><strong>1283.</strong></span> 
     </span>
     <span class='ocr_line' id='line_1_13' title="bbox 272 1576 1967 1646; baseline -0.002 -16"><span class='ocrx_word' id='word_1_74' title='bbox 272 1577 630 1646; x_wconf 67' lang='grc' dir='ltr'><em>Ἱερομνήμων,</em></span> <span class='ocrx_word' id='word_1_75' title='bbox 660 1576 686 1630; x_wconf 75' lang='grc' dir='ltr'><em>ὁ</em></span> <span class='ocrx_word' id='word_1_76' title='bbox 717 1579 1031 1645; x_wconf 82' lang='grc' dir='ltr'><em>πεμπόμενος</em></span> <span class='ocrx_word' id='word_1_77' title='bbox 1059 1579 1296 1644; x_wconf 81' lang='grc' dir='ltr'><em>σύνεδρος</em></span> <span class='ocrx_word' id='word_1_78' title='bbox 1323 1582 1392 1636; x_wconf 80' lang='grc' dir='ltr'><em>εἰς</em></span> <span class='ocrx_word' id='word_1_79' title='bbox 1428 1577 1548 1636; x_wconf 79' lang='grc' dir='ltr'><em>τούς</em></span> <span class='ocrx_word' id='word_1_80' title='bbox 1579 1576 1967 1643; x_wconf 66' lang='grc' dir='ltr'>3Αμᾳικτυόνας</span> 
     </span>
     <span class='ocr_line' id='line_1_14' title="bbox 139 1661 1823 1730; baseline -0.001 -16"><span class='ocrx_word' id='word_1_81' title='bbox 139 1661 262 1730; x_wconf 60' lang='grc' dir='ltr'><em>’ὑπὲρ</em></span> <span class='ocrx_word' id='word_1_82' title='bbox 291 1666 375 1724; x_wconf 79' lang='grc' dir='ltr'><em>τῆς</em></span> <span class='ocrx_word' id='word_1_83' title='bbox 403 1665 600 1721; x_wconf 82' lang='grc' dir='ltr'><em>πόλεως.</em></span> <span class='ocrx_word' id='word_1_84' title='bbox 737 1666 925 1727; x_wconf 82' lang='lat' dir='ltr'>(Schol.</span> <span class='ocrx_word' id='word_1_85' title='bbox 953 1668 1003 1715; x_wconf 92' lang='lat' dir='ltr'>in</span> <span class='ocrx_word' id='word_1_86' title='bbox 1029 1667 1281 1716; x_wconf 87' lang='lat' dir='ltr'>Demosth.</span> <span class='ocrx_word' id='word_1_87' title='bbox 1312 1666 1573 1714; x_wconf 84' lang='lat' dir='ltr'>Timocrat.</span> <span class='ocrx_word' id='word_1_88' title='bbox 1603 1666 1718 1727; x_wconf 84' lang='lat'>747,</span> <span class='ocrx_word' id='word_1_89' title='bbox 1748 1667 1823 1728; x_wconf 89' lang='grc'>2.)</span> 
     </span>
     <span class='ocr_line' id='line_1_15' title="bbox 983 1775 1133 1824; baseline 0.007 -1"><span class='ocrx_word' id='word_1_90' title='bbox 983 1775 1133 1824; x_wconf 88' lang='grc'><strong>1283.</strong></span> 
     </span>
    </p>
   </div>
   <div class='ocr_carea' id='block_1_6' title="bbox 280 1866 1965 1934">
    <p class='ocr_par' dir='ltr' id='par_1_6' title="bbox 280 1866 1965 1934">
     <span class='ocr_line' id='line_1_16' title="bbox 280 1866 1965 1934; baseline -0.004 -13"><span class='ocrx_word' id='word_1_91' title='bbox 280 1871 540 1921; x_wconf 85' lang='lat' dir='ltr'>Sacrorum</span> <span class='ocrx_word' id='word_1_92' title='bbox 566 1889 752 1922; x_wconf 88' lang='lat' dir='ltr'>memor</span> <span class='ocrx_word' id='word_1_93' title='bbox 779 1879 851 1920; x_wconf 91' lang='lat' dir='ltr'>est</span> <span class='ocrx_word' id='word_1_94' title='bbox 879 1888 1094 1920; x_wconf 79' lang='lat' dir='ltr'>assessor</span> <span class='ocrx_word' id='word_1_95' title='bbox 1120 1869 1181 1918; x_wconf 84' lang='lat' dir='ltr'>ad</span> <span class='ocrx_word' id='word_1_96' title='bbox 1210 1868 1598 1934; x_wconf 77' lang='lat' dir='ltr'>Amphictyonas</span> <span class='ocrx_word' id='word_1_97' title='bbox 1626 1868 1821 1916; x_wconf 84' lang='lat' dir='ltr'>nomine</span> <span class='ocrx_word' id='word_1_98' title='bbox 1848 1866 1965 1916; x_wconf 89' lang='lat' dir='ltr'>civi-</span> 
     </span>
    </p>
   </div>
   <div class='ocr_carea' id='block_1_7' title="bbox 140 1956 467 2005">
    <p class='ocr_par' dir='ltr' id='par_1_7' title="bbox 140 1956 467 2005">
     <span class='ocr_line' id='line_1_17' title="bbox 140 1956 467 2005; baseline 0 -1"><span class='ocrx_word' id='word_1_99' title='bbox 140 1956 250 2004; x_wconf 82' lang='lat' dir='ltr'>tatis</span> <span class='ocrx_word' id='word_1_100' title='bbox 279 1957 467 2005; x_wconf 69' lang='lat' dir='ltr'>missus</span> 
     </span>
    </p>
   </div>
   <div class='ocr_carea' id='block_1_8' title="bbox 983 2025 1131 2074">
    <p class='ocr_par' dir='ltr' id='par_1_8' title="bbox 983 2025 1131 2074">
     <span class='ocr_line' id='line_1_18' title="bbox 983 2025 1131 2074; baseline 0.014 -2"><span class='ocrx_word' id='word_1_101' title='bbox 983 2025 1131 2074; x_wconf 85' lang='grc'><strong>1284.</strong></span> 
     </span>
    </p>
   </div>
   <div class='ocr_carea' id='block_1_9' title="bbox 285 2117 1177 2184">
    <p class='ocr_par' dir='ltr' id='par_1_9' title="bbox 285 2117 1177 2184">
     <span class='ocr_line' id='line_1_19' title="bbox 285 2117 1177 2184; baseline -0.002 -16"><span class='ocrx_word' id='word_1_102' title='bbox 285 2117 416 2175; x_wconf 76' lang='grc' dir='ltr'><em>Τούς</em></span> <span class='ocrx_word' id='word_1_103' title='bbox 442 2117 807 2184; x_wconf 75' lang='grc' dir='ltr'><em>ἱερομνήμονας</em></span> <span class='ocrx_word' id='word_1_104' title='bbox 835 2119 1177 2183; x_wconf 74' lang='grc' dir='ltr'><em>ψηφίσασθαι.</em></span> 
     </span>
    </p>
   </div>
   <div class='ocr_carea' id='block_1_10' title="bbox 983 2202 1824 2360">
    <p class='ocr_par' dir='ltr' id='par_1_10' title="bbox 983 2202 1824 2360">
     <span class='ocr_line' id='line_1_20' title="bbox 984 2202 1824 2265; baseline -0.005 -12"><span class='ocrx_word' id='word_1_105' title='bbox 984 2202 1264 2265; x_wconf 82' lang='lat' dir='ltr'>(Demosth.</span> <span class='ocrx_word' id='word_1_106' title='bbox 1294 2202 1354 2252; x_wconf 89' lang='lat' dir='ltr'>de</span> <span class='ocrx_word' id='word_1_107' title='bbox 1382 2220 1576 2253; x_wconf 85' lang='lat' dir='ltr'>corona.</span> <span class='ocrx_word' id='word_1_108' title='bbox 1606 2202 1720 2265; x_wconf 82' lang='lat'>277,</span> <span class='ocrx_word' id='word_1_109' title='bbox 1750 2203 1824 2262; x_wconf 86' lang='lat'>9.)</span> 
     </span>
     <span class='ocr_line' id='line_1_21' title="bbox 983 2310 1132 2360; baseline 0.02 -3"><span class='ocrx_word' id='word_1_110' title='bbox 983 2310 1132 2360; x_wconf 83' lang='grc'><strong>1284.</strong></span> 
     </span>
    </p>
   </div>
   <div class='ocr_carea' id='block_1_11' title="bbox 280 2405 1413 2560">
    <p class='ocr_par' dir='ltr' id='par_1_11' title="bbox 280 2405 1413 2560">
     <span class='ocr_line' id='line_1_22' title="bbox 280 2405 1413 2470; baseline -0.002 -15"><span class='ocrx_word' id='word_1_111' title='bbox 280 2405 539 2456; x_wconf 87' lang='lat' dir='ltr'>Sacrorum</span> <span class='ocrx_word' id='word_1_112' title='bbox 565 2422 808 2457; x_wconf 86' lang='lat' dir='ltr'>memores</span> <span class='ocrx_word' id='word_1_113' title='bbox 835 2405 1051 2454; x_wconf 86' lang='lat' dir='ltr'>habeant</span> <span class='ocrx_word' id='word_1_114' title='bbox 1072 2406 1153 2470; x_wconf 91' lang='lat' dir='ltr'>jus</span> <span class='ocrx_word' id='word_1_115' title='bbox 1180 2405 1413 2470; x_wconf 84' lang='lat' dir='ltr'>suffragii.</span> 
     </span>
     <span class='ocr_line' id='line_1_23' title="bbox 982 2512 1130 2560; baseline 0.014 -2"><span class='ocrx_word' id='word_1_116' title='bbox 982 2512 1130 2560; x_wconf 84' lang='grc'><strong>1285.</strong></span> 
     </span>
    </p>
   </div>
   <div class='ocr_carea' id='block_1_12' title="bbox 145 2602 1963 2755">
    <p class='ocr_par' dir='ltr' id='par_1_12' title="bbox 145 2602 1963 2755">
     <span class='ocr_line' id='line_1_24' title="bbox 286 2602 1963 2672; baseline -0.002 -15"><span class='ocrx_word' id='word_1_117' title='bbox 286 2610 344 2657; x_wconf 77' lang='grc' dir='ltr'>Οἱ</span> <span class='ocrx_word' id='word_1_118' title='bbox 372 2605 649 2672; x_wconf 81' lang='grc' dir='ltr'><em>πεμπόμενι</em></span> <span class='ocrx_word' id='word_1_119' title='bbox 677 2603 1031 2670; x_wconf 80' lang='grc' dir='ltr'><em>ἱερομνήμονες</em></span> <span class='ocrx_word' id='word_1_120' title='bbox 1058 2606 1126 2659; x_wconf 79' lang='grc' dir='ltr'><em>εἰς</em></span> <span class='ocrx_word' id='word_1_121' title='bbox 1156 2602 1384 2667; x_wconf 79' lang='grc' dir='ltr'><em>Δελφούς</em></span> <span class='ocrx_word' id='word_1_122' title='bbox 1411 2606 1539 2653; x_wconf 81' lang='grc' dir='ltr'><em>εἰσιν</em></span> <span class='ocrx_word' id='word_1_123' title='bbox 1566 2606 1834 2653; x_wconf 80' lang='grc' dir='ltr'><em>ἐπίσκοποι</em></span> <span class='ocrx_word' id='word_1_124' title='bbox 1861 2604 1963 2653; x_wconf 76' lang='grc' dir='ltr'><em>τῶν</em></span> 
     </span>
     <span class='ocr_line' id='line_1_25' title="bbox 145 2688 1016 2755; baseline 0.001 -18"><span class='ocrx_word' id='word_1_125' title='bbox 145 2688 557 2755; x_wconf 72' lang='grc' dir='ltr'><em>ἀναλισκομένων</em></span> <span class='ocrx_word' id='word_1_126' title='bbox 584 2694 638 2738; x_wconf 74' lang='grc' dir='ltr'><em>ἐν</em></span> <span class='ocrx_word' id='word_1_127' title='bbox 664 2696 770 2744; x_wconf 83' lang='grc' dir='ltr'><em>ταῖς</em></span> <span class='ocrx_word' id='word_1_128' title='bbox 801 2690 1016 2743; x_wconf 76' lang='grc' dir='ltr'><em>θυσίαις.</em></span> 
     </span>
    </p>
   </div>
   <div class='ocr_carea' id='block_1_13' title="bbox 828 2773 1820 2928">
    <p class='ocr_par' dir='ltr' id='par_1_13' title="bbox 828 2773 1820 2928">
     <span class='ocr_line' id='line_1_26' title="bbox 828 2773 1820 2839; baseline 0.001 -17"><span class='ocrx_word' id='word_1_129' title='bbox 828 2774 1017 2834; x_wconf 85' lang='lat' dir='ltr'>(Schol.</span> <span class='ocrx_word' id='word_1_130' title='bbox 1045 2773 1094 2821; x_wconf 94' lang='lat' dir='ltr'>in</span> <span class='ocrx_word' id='word_1_131' title='bbox 1123 2773 1435 2839; x_wconf 81' lang='lat' dir='ltr'>Aristophan.</span> <span class='ocrx_word' id='word_1_132' title='bbox 1465 2775 1648 2824; x_wconf 86' lang='lat' dir='ltr'>Nubes.</span> <span class='ocrx_word' id='word_1_133' title='bbox 1677 2775 1820 2834; x_wconf 84' lang='lat'>623.)</span> 
     </span>
     <span class='ocr_line' id='line_1_27' title="bbox 985 2881 1131 2928; baseline 0.007 -1"><span class='ocrx_word' id='word_1_134' title='bbox 985 2881 1131 2928; x_wconf 83' lang='grc'><strong>1285.</strong></span> 
     </span>
    </p>
   </div>
   <div class='ocr_carea' id='block_1_14' title="bbox 149 2977 1962 3127">
    <p class='ocr_par' dir='ltr' id='par_1_14' title="bbox 149 2977 1962 3127">
     <span class='ocr_line' id='line_1_28' title="bbox 288 2977 1962 3042; baseline -0.002 -16"><span class='ocrx_word' id='word_1_135' title='bbox 288 2977 539 3027; x_wconf 82' lang='lat' dir='ltr'>Sacrorum</span> <span class='ocrx_word' id='word_1_136' title='bbox 567 2995 805 3027; x_wconf 90' lang='lat' dir='ltr'>memores</span> <span class='ocrx_word' id='word_1_137' title='bbox 831 2977 1054 3042; x_wconf 84' lang='lat' dir='ltr'>Delphos</span> <span class='ocrx_word' id='word_1_138' title='bbox 1093 2977 1225 3024; x_wconf 89' lang='lat' dir='ltr'>missi</span> <span class='ocrx_word' id='word_1_139' title='bbox 1255 2993 1420 3026; x_wconf 84' lang='lat' dir='ltr'>curam</span> <span class='ocrx_word' id='word_1_140' title='bbox 1444 2984 1621 3040; x_wconf 83' lang='lat' dir='ltr'>gerunt</span> <span class='ocrx_word' id='word_1_141' title='bbox 1647 2985 1888 3025; x_wconf 85' lang='lat' dir='ltr'>sumtuum</span> <span class='ocrx_word' id='word_1_142' title='bbox 1913 2977 1962 3024; x_wconf 90' lang='lat' dir='ltr'>in</span> 
     </span>
     <span class='ocr_line' id='line_1_29' title="bbox 149 3062 858 3127; baseline 0.004 -21"><span class='ocrx_word' id='word_1_143' title='bbox 149 3062 381 3109; x_wconf 77' lang='lat' dir='ltr'>sacrificia</span> <span class='ocrx_word' id='word_1_144' title='bbox 406 3062 858 3127; x_wconf 86' lang='lat' dir='ltr'>impendendorum.</span> 
     </span>
    </p>
   </div>
   <div class='ocr_carea' id='block_1_15' title="bbox 149 3133 1953 3377">
    <p class='ocr_par' dir='ltr' id='par_1_15' title="bbox 149 3133 1953 3377">
     <span class='ocr_line' id='line_1_30' title="bbox 978 3133 1125 3181; baseline -0.007 0"><span class='ocrx_word' id='word_1_145' title='bbox 978 3133 1125 3181; x_wconf 82' lang='grc'><strong>1286.</strong></span> 
     </span>
     <span class='ocr_line' id='line_1_31' title="bbox 290 3225 1953 3293; baseline 0.001 -20"><span class='ocrx_word' id='word_1_146' title='bbox 290 3226 583 3293; x_wconf 62' lang='grc' dir='ltr'><em>ΙῙυλαγὸροι</em></span> <span class='ocrx_word' id='word_1_147' title='bbox 612 3232 700 3277; x_wconf 71' lang='grc' dir='ltr'><em>εἰσι</em></span> <span class='ocrx_word' id='word_1_148' title='bbox 712 3248 737 3278; x_wconf 89' lang='grc' dir='ltr'><em>ν</em></span> <span class='ocrx_word' id='word_1_149' title='bbox 754 3232 796 3277; x_wconf 75' lang='grc' dir='ltr'>οἱ</span> <span class='ocrx_word' id='word_1_150' title='bbox 818 3227 1127 3293; x_wconf 75' lang='grc' dir='ltr'><em>πεμπόμενοι</em></span> <span class='ocrx_word' id='word_1_151' title='bbox 1155 3226 1253 3275; x_wconf 77' lang='grc' dir='ltr'>ἀπὸ</span> <span class='ocrx_word' id='word_1_152' title='bbox 1282 3228 1381 3275; x_wconf 74' lang='grc' dir='ltr'><em>τῶν</em></span> <span class='ocrx_word' id='word_1_153' title='bbox 1407 3225 1598 3276; x_wconf 76' lang='grc' dir='ltr'><em>πόλεων</em></span> <span class='ocrx_word' id='word_1_154' title='bbox 1623 3229 1691 3282; x_wconf 71' lang='grc' dir='ltr'><em>εἰς</em></span> <span class='ocrx_word' id='word_1_155' title='bbox 1718 3225 1808 3285; x_wconf 81' lang='grc' dir='ltr'><em>τήν</em></span> <span class='ocrx_word' id='word_1_156' title='bbox 1829 3225 1953 3291; x_wconf 73' lang='grc' dir='ltr'>Ἀμ-</span> 
     </span>
     <span class='ocr_line' id='line_1_32' title="bbox 149 3309 1311 3377; baseline 0.001 -19"><span class='ocrx_word' id='word_1_157' title='bbox 149 3313 458 3372; x_wconf 64' lang='grc' dir='ltr'><em>ᾳικτυονιάν</em></span> <span class='ocrx_word' id='word_1_158' title='bbox 487 3309 705 3375; x_wconf 63' lang='grc' dir='ltr'><em>ῥήτορες,</em></span> <span class='ocrx_word' id='word_1_159' title='bbox 748 3310 869 3360; x_wconf 74' lang='grc' dir='ltr'><em>ὥστε</em></span> <span class='ocrx_word' id='word_1_160' title='bbox 897 3317 1003 3361; x_wconf 71' lang='grc' dir='ltr'>ἐκεῖ</span> <span class='ocrx_word' id='word_1_161' title='bbox 1027 3309 1311 3377; x_wconf 73' lang='grc' dir='ltr'>ἀγορεῦσαι.</span> 
     </span>
    </p>
   </div>
   <div class='ocr_carea' id='block_1_16' title="bbox 998 3395 1817 3461">
    <p class='ocr_par' dir='ltr' id='par_1_16' title="bbox 998 3395 1817 3461">
     <span class='ocr_line' id='line_1_33' title="bbox 998 3395 1817 3461; baseline 0 -17"><span class='ocrx_word' id='word_1_162' title='bbox 998 3395 1220 3455; x_wconf 76' lang='lat' dir='ltr'>(Bekker</span> <span class='ocrx_word' id='word_1_163' title='bbox 1247 3397 1412 3446; x_wconf 82' lang='lat' dir='ltr'>anecd.</span> <span class='ocrx_word' id='word_1_164' title='bbox 1439 3415 1508 3460; x_wconf 84' lang='lat' dir='ltr'>gr.</span> <span class='ocrx_word' id='word_1_165' title='bbox 1538 3397 1572 3446; x_wconf 85' lang='lat' dir='ltr'>I.</span> <span class='ocrx_word' id='word_1_166' title='bbox 1599 3415 1643 3461; x_wconf 90' lang='lat' dir='ltr'>p.</span> <span class='ocrx_word' id='word_1_167' title='bbox 1674 3397 1817 3452; x_wconf 87' lang='grc'><strong>297.)</strong></span> 
     </span>
    </p>
   </div>
  </div>
 </body>
</html>
