<?xml version="1.0" encoding="UTF-8"?>
<!DOCTYPE html PUBLIC "-//W3C//DTD XHTML 1.0 Transitional//EN"
    "http://www.w3.org/TR/xhtml1/DTD/xhtml1-transitional.dtd">
<html xmlns="http://www.w3.org/1999/xhtml" xml:lang="en" lang="en">
 <head>
  <title>
</title>
<meta http-equiv="Content-Type" content="text/html;charset=utf-8" />
  <meta name='ocr-system' content='tesseract 3.04.00' />
  <meta name='ocr-capabilities' content='ocr_page ocr_carea ocr_par ocr_line ocrx_word'/>
</head>
<body>
  <div class='ocr_page' id='page_1' title='image "./synaggtnattiknno00tluoft_0518.png"; bbox 0 0 2114 3642; ppageno 0'>
   <div class='ocr_carea' id='block_1_1' title="bbox 207 206 1488 253">
    <p class='ocr_par' dir='ltr' id='par_1_1' title="bbox 207 206 1488 253">
     <span class='ocr_line' id='line_1_1' title="bbox 207 206 1488 253; baseline -0.004 0"><span class='ocrx_word' id='word_1_1' title='bbox 207 206 310 253; x_wconf 81' lang='lat'>492</span> <span class='ocrx_word' id='word_1_2' title='bbox 756 221 903 252; x_wconf 75' lang='lat' dir='ltr'>coMM</span> <span class='ocrx_word' id='word_1_3' title='bbox 915 218 1163 250; x_wconf 70' lang='lat' dir='ltr'>EN‘rAfflcs</span> <span class='ocrx_word' id='word_1_4' title='bbox 1196 220 1216 246; x_wconf 54' lang='lat' dir='ltr'>A.</span> <span class='ocrx_word' id='word_1_5' title='bbox 1232 218 1260 247; x_wconf 84' lang='lat' dir='ltr'>D</span> <span class='ocrx_word' id='word_1_6' title='bbox 1288 215 1488 248; x_wconf 80' lang='lat'>604-605.</span> 
     </span>
    </p>
   </div>
   <div class='ocr_carea' id='block_1_2' title="bbox 199 341 2043 1069">
    <p class='ocr_par' dir='ltr' id='par_1_2' title="bbox 199 341 2043 1069">
     <span class='ocr_line' id='line_1_2' title="bbox 350 341 2041 408; baseline -0.006 -10"><span class='ocrx_word' id='word_1_7' title='bbox 350 349 404 398; x_wconf 90' lang='lat' dir='ltr'>Id</span> <span class='ocrx_word' id='word_1_8' title='bbox 433 356 526 397; x_wconf 88' lang='lat' dir='ltr'>est:</span> <span class='ocrx_word' id='word_1_9' title='bbox 570 349 800 397; x_wconf 74' lang='lat' dir='ltr'>Actiones</span> <span class='ocrx_word' id='word_1_10' title='bbox 839 345 1058 408; x_wconf 88' lang='lat' dir='ltr'>privatae</span> <span class='ocrx_word' id='word_1_11' title='bbox 1087 343 1427 391; x_wconf 83' lang='lat' dir='ltr'>nominantur:</span> <span class='ocrx_word' id='word_1_12' title='bbox 1470 343 1760 394; x_wconf 78' lang='lat' dir='ltr'>verberum,</span> <span class='ocrx_word' id='word_1_13' title='bbox 1802 341 2041 400; x_wconf 80' lang='lat' dir='ltr'>convicii,</span> 
     </span>
     <span class='ocr_line' id='line_1_3' title="bbox 208 424 2043 495; baseline -0.005 -15"><span class='ocrx_word' id='word_1_14' title='bbox 208 431 399 491; x_wconf 88' lang='lat' dir='ltr'>damni,</span> <span class='ocrx_word' id='word_1_15' title='bbox 428 431 662 495; x_wconf 78' lang='lat' dir='ltr'>depositi,</span> <span class='ocrx_word' id='word_1_16' title='bbox 691 427 904 492; x_wconf 83' lang='lat' dir='ltr'>repudii,</span> <span class='ocrx_word' id='word_1_17' title='bbox 934 427 1092 475; x_wconf 87' lang='lat' dir='ltr'>malae</span> <span class='ocrx_word' id='word_1_18' title='bbox 1120 426 1450 485; x_wconf 76' lang='lat' dir='ltr'>tractationis,</span> <span class='ocrx_word' id='word_1_19' title='bbox 1481 425 1619 483; x_wconf 86' lang='lat' dir='ltr'>furti,</span> <span class='ocrx_word' id='word_1_20' title='bbox 1650 424 1821 478; x_wconf 77' lang='lat' dir='ltr'>debiti,</span> <span class='ocrx_word' id='word_1_21' title='bbox 1851 431 2043 472; x_wconf 89' lang='lat' dir='ltr'>contra-</span> 
     </span>
     <span class='ocr_line' id='line_1_4' title="bbox 207 507 2042 578; baseline -0.005 -15"><span class='ocrx_word' id='word_1_22' title='bbox 207 524 337 574; x_wconf 87' lang='lat' dir='ltr'>ctus,</span> <span class='ocrx_word' id='word_1_23' title='bbox 373 522 623 578; x_wconf 83' lang='lat' dir='ltr'>pactorum</span> <span class='ocrx_word' id='word_1_24' title='bbox 651 510 1084 573; x_wconf 80' lang='lat' dir='ltr'>transgressionis,</span> <span class='ocrx_word' id='word_1_25' title='bbox 1126 508 1446 557; x_wconf 84' lang='lat' dir='ltr'>restitutionis</span> <span class='ocrx_word' id='word_1_26' title='bbox 1465 507 1666 572; x_wconf 82' lang='lat' dir='ltr'>judicii,</span> <span class='ocrx_word' id='word_1_27' title='bbox 1709 507 2042 565; x_wconf 82' lang='lat' dir='ltr'>haereditat-is,</span> 
     </span>
     <span class='ocr_line' id='line_1_5' title="bbox 206 591 2041 655; baseline -0.005 -8"><span class='ocrx_word' id='word_1_28' title='bbox 206 598 380 647; x_wconf 88' lang='lat' dir='ltr'>domus</span> <span class='ocrx_word' id='word_1_29' title='bbox 418 595 701 650; x_wconf 77' lang='lat' dir='ltr'>locationis,</span> <span class='ocrx_word' id='word_1_30' title='bbox 747 594 960 650; x_wconf 81' lang='lat' dir='ltr'>tutelae,</span> <span class='ocrx_word' id='word_1_31' title='bbox 1010 592 1402 655; x_wconf 85' lang='lat' dir='ltr'>ingratitudinis,</span> <span class='ocrx_word' id='word_1_32' title='bbox 1455 591 1714 646; x_wconf 76' lang='lat' dir='ltr'>frumenti,</span> <span class='ocrx_word' id='word_1_33' title='bbox 1769 591 2041 648; x_wconf 88' lang='lat' dir='ltr'>fructuum,</span> 
     </span>
     <span class='ocr_line' id='line_1_6' title="bbox 205 673 2041 741; baseline -0.005 -13"><span class='ocrx_word' id='word_1_34' title='bbox 205 678 438 729; x_wconf 88' lang='lat' dir='ltr'>mercedis</span> <span class='ocrx_word' id='word_1_35' title='bbox 465 676 661 737; x_wconf 90' lang='lat' dir='ltr'>domus,</span> <span class='ocrx_word' id='word_1_36' title='bbox 690 677 922 741; x_wconf 86' lang='lat' dir='ltr'>injuriae,</span> <span class='ocrx_word' id='word_1_37' title='bbox 965 692 1105 724; x_wconf 89' lang='lat' dir='ltr'>casus</span> <span class='ocrx_word' id='word_1_38' title='bbox 1132 675 1440 725; x_wconf 79' lang='lat' dir='ltr'>clancularii,</span> <span class='ocrx_word' id='word_1_39' title='bbox 1481 674 1575 721; x_wconf 91' lang='lat' dir='ltr'>diei</span> <span class='ocrx_word' id='word_1_40' title='bbox 1604 673 1856 722; x_wconf 86' lang='lat' dir='ltr'>constituti</span> <span class='ocrx_word' id='word_1_41' title='bbox 1884 680 2041 720; x_wconf 85' lang='lat' dir='ltr'>trans-</span> 
     </span>
     <span class='ocr_line' id='line_1_7' title="bbox 203 755 2042 826; baseline -0.003 -17"><span class='ocrx_word' id='word_1_42' title='bbox 203 760 490 826; x_wconf 77' lang='lat' dir='ltr'>gressionis,</span> <span class='ocrx_word' id='word_1_43' title='bbox 537 760 918 808; x_wconf 84' lang='lat' dir='ltr'>controversiae.</span> <span class='ocrx_word' id='word_1_44' title='bbox 983 757 1275 823; x_wconf 86' lang='lat' dir='ltr'>Stipulatio,</span> <span class='ocrx_word' id='word_1_45' title='bbox 1323 757 1638 822; x_wconf 83' lang='lat' dir='ltr'>protestatio,</span> <span class='ocrx_word' id='word_1_46' title='bbox 1687 755 2042 813; x_wconf 75' lang='lat' dir='ltr'>considerati03</span> 
     </span>
     <span class='ocr_line' id='line_1_8' title="bbox 201 839 2040 893; baseline -0.004 0"><span class='ocrx_word' id='word_1_47' title='bbox 201 847 251 893; x_wconf 90' lang='lat' dir='ltr'>in</span> <span class='ocrx_word' id='word_1_48' title='bbox 289 843 657 891; x_wconf 87' lang='lat' dir='ltr'>manifestorum</span> <span class='ocrx_word' id='word_1_49' title='bbox 697 842 1123 891; x_wconf 89' lang='lat' dir='ltr'>constitutionem:</span> <span class='ocrx_word' id='word_1_50' title='bbox 1175 841 1564 889; x_wconf 84' lang='lat' dir='ltr'>confirmationis</span> <span class='ocrx_word' id='word_1_51' title='bbox 1604 839 1758 893; x_wconf 78' lang='lat' dir='ltr'>actio:</span> <span class='ocrx_word' id='word_1_52' title='bbox 1805 839 2040 887; x_wconf 85' lang='lat' dir='ltr'>defectio-</span> 
     </span>
     <span class='ocr_line' id='line_1_9' title="bbox 202 922 2042 990; baseline -0.002 -16"><span class='ocrx_word' id='word_1_53' title='bbox 202 929 302 984; x_wconf 84' lang='lat' dir='ltr'>nis,</span> <span class='ocrx_word' id='word_1_54' title='bbox 332 925 547 989; x_wconf 84' lang='lat' dir='ltr'>neglecti</span> <span class='ocrx_word' id='word_1_55' title='bbox 575 925 845 990; x_wconf 85' lang='lat' dir='ltr'>patrocinii.</span> <span class='ocrx_word' id='word_1_56' title='bbox 886 926 1019 973; x_wconf 86' lang='lat' dir='ltr'>Falsi</span> <span class='ocrx_word' id='word_1_57' title='bbox 1048 924 1341 977; x_wconf 79' lang='lat' dir='ltr'>testimonii:</span> <span class='ocrx_word' id='word_1_58' title='bbox 1370 923 1636 971; x_wconf 85' lang='lat' dir='ltr'>testimonii</span> <span class='ocrx_word' id='word_1_59' title='bbox 1663 922 1901 983; x_wconf 78' lang='lat' dir='ltr'>desertio3</span> <span class='ocrx_word' id='word_1_60' title='bbox 1942 939 2042 970; x_wconf 86' lang='lat' dir='ltr'>ma-</span> 
     </span>
     <span class='ocr_line' id='line_1_10' title="bbox 199 1009 951 1069; baseline -0.003 -10"><span class='ocrx_word' id='word_1_61' title='bbox 199 1009 370 1069; x_wconf 80' lang='lat' dir='ltr'>leficii3</span> <span class='ocrx_word' id='word_1_62' title='bbox 410 1009 628 1057; x_wconf 87' lang='lat' dir='ltr'>actiones</span> <span class='ocrx_word' id='word_1_63' title='bbox 655 1009 951 1058; x_wconf 82' lang='lat' dir='ltr'>convivales,</span> 
     </span>
    </p>
   </div>
   <div class='ocr_carea' id='block_1_3' title="bbox 870 1158 1365 1212">
    <p class='ocr_par' dir='ltr' id='par_1_3' title="bbox 870 1158 1365 1212">
     <span class='ocr_line' id='line_1_11' title="bbox 870 1158 1365 1212; baseline 0 -1"><span class='ocrx_word' id='word_1_64' title='bbox 870 1158 969 1211; x_wconf 78' lang='lat' dir='ltr'>Ad</span> <span class='ocrx_word' id='word_1_65' title='bbox 1002 1160 1138 1212; x_wconf 79' lang='lat'>604</span> <span class='ocrx_word' id='word_1_66' title='bbox 1151 1159 1365 1212; x_wconf 78' lang='lat'>--605.</span> 
     </span>
    </p>
   </div>
   <div class='ocr_carea' id='block_1_4' title="bbox 196 1278 2041 2014">
    <p class='ocr_par' dir='ltr' id='par_1_4' title="bbox 196 1278 2041 2014">
     <span class='ocr_line' id='line_1_12' title="bbox 343 1278 2036 1349; baseline -0.004 -16"><span class='ocrx_word' id='word_1_67' title='bbox 343 1285 567 1347; x_wconf 80' lang='lat' dir='ltr'>„Quibus</span> <span class='ocrx_word' id='word_1_68' title='bbox 592 1284 702 1348; x_wconf 88' lang='lat' dir='ltr'>ipsa</span> <span class='ocrx_word' id='word_1_69' title='bbox 729 1300 942 1349; x_wconf 86' lang='lat' dir='ltr'>persona</span> <span class='ocrx_word' id='word_1_70' title='bbox 973 1283 1258 1348; x_wconf 82' lang='lat' dir='ltr'>petebatur,</span> <span class='ocrx_word' id='word_1_71' title='bbox 1297 1283 1513 1331; x_wconf 86' lang='lat' dir='ltr'>actiones</span> <span class='ocrx_word' id='word_1_72' title='bbox 1555 1278 1689 1327; x_wconf 75' lang='grc' dir='ltr'><em>κατά</em></span> <span class='ocrx_word' id='word_1_73' title='bbox 1726 1298 1890 1335; x_wconf 69' lang='grc' dir='ltr'><em>τινος,</em></span> <span class='ocrx_word' id='word_1_74' title='bbox 1931 1281 2036 1344; x_wconf 88' lang='lat' dir='ltr'>qui-</span> 
     </span>
     <span class='ocr_line' id='line_1_13' title="bbox 198 1364 2037 1433; baseline -0.004 -15"><span class='ocrx_word' id='word_1_75' title='bbox 198 1370 290 1418; x_wconf 90' lang='lat' dir='ltr'>bus</span> <span class='ocrx_word' id='word_1_76' title='bbox 318 1386 455 1423; x_wconf 72' lang='lat' dir='ltr'>vero,</span> <span class='ocrx_word' id='word_1_77' title='bbox 479 1369 592 1433; x_wconf 85' lang='lat' dir='ltr'>jure</span> <span class='ocrx_word' id='word_1_78' title='bbox 618 1375 960 1420; x_wconf 79' lang='lat' dir='ltr'>controverso,</span> <span class='ocrx_word' id='word_1_79' title='bbox 1000 1368 1134 1415; x_wconf 90' lang='lat' dir='ltr'>bona</span> <span class='ocrx_word' id='word_1_80' title='bbox 1161 1374 1352 1415; x_wconf 87' lang='lat' dir='ltr'>tantum</span> <span class='ocrx_word' id='word_1_81' title='bbox 1380 1384 1533 1430; x_wconf 87' lang='lat' dir='ltr'>eaque</span> <span class='ocrx_word' id='word_1_82' title='bbox 1561 1373 1693 1414; x_wconf 86' lang='lat' dir='ltr'>certa</span> <span class='ocrx_word' id='word_1_83' title='bbox 1720 1383 1912 1413; x_wconf 86' lang='lat' dir='ltr'>summa</span> <span class='ocrx_word' id='word_1_84' title='bbox 1939 1364 2037 1428; x_wconf 87' lang='lat' dir='ltr'>peti</span> 
     </span>
     <span class='ocr_line' id='line_1_14' title="bbox 199 1446 2039 1517; baseline -0.004 -17"><span class='ocrx_word' id='word_1_85' title='bbox 199 1458 453 1517; x_wconf 79' lang='lat' dir='ltr'>poterant,</span> <span class='ocrx_word' id='word_1_86' title='bbox 495 1446 613 1510; x_wconf 75' lang='grc' dir='ltr'><em>πρός</em></span> <span class='ocrx_word' id='word_1_87' title='bbox 639 1467 752 1495; x_wconf 78' lang='grc' dir='ltr'>τινα</span> <span class='ocrx_word' id='word_1_88' title='bbox 780 1451 1186 1515; x_wconf 84' lang='lat' dir='ltr'>appellabantur:</span> <span class='ocrx_word' id='word_1_89' title='bbox 1226 1449 1462 1497; x_wconf 81' lang='lat' dir='ltr'>Romanis</span> <span class='ocrx_word' id='word_1_90' title='bbox 1499 1449 1645 1496; x_wconf 86' lang='lat' dir='ltr'>etiam</span> <span class='ocrx_word' id='word_1_91' title='bbox 1673 1447 2039 1496; x_wconf 84' lang='lat' dir='ltr'>accuratissime</span> 
     </span>
     <span class='ocr_line' id='line_1_15' title="bbox 199 1531 2041 1600; baseline -0.004 -18"><span class='ocrx_word' id='word_1_92' title='bbox 199 1534 371 1583; x_wconf 88' lang='lat' dir='ltr'>eadem</span> <span class='ocrx_word' id='word_1_93' title='bbox 410 1535 626 1588; x_wconf 78' lang='lat' dir='ltr'>ratione,</span> <span class='ocrx_word' id='word_1_94' title='bbox 667 1542 827 1600; x_wconf 83' lang='lat' dir='ltr'>utrum</span> <span class='ocrx_word' id='word_1_95' title='bbox 868 1533 930 1580; x_wconf 90' lang='lat' dir='ltr'>in</span> <span class='ocrx_word' id='word_1_96' title='bbox 970 1534 1053 1580; x_wconf 85' lang='lat' dir='ltr'>ali</span> <span class='ocrx_word' id='word_1_97' title='bbox 1074 1550 1254 1596; x_wconf 84' lang='lat' dir='ltr'>quem</span> <span class='ocrx_word' id='word_1_98' title='bbox 1295 1550 1357 1579; x_wconf 84' lang='lat' dir='ltr'>an</span> <span class='ocrx_word' id='word_1_99' title='bbox 1397 1531 1716 1580; x_wconf 77' lang='lat' dir='ltr'>adversus</span> <span class='ocrx_word' id='word_1_100' title='bbox 1757 1531 2041 1595; x_wconf 88' lang='lat' dir='ltr'>aliquem</span> 
     </span>
     <span class='ocr_line' id='line_1_16' title="bbox 197 1612 2041 1681; baseline -0.003 -16"><span class='ocrx_word' id='word_1_101' title='bbox 197 1624 386 1681; x_wconf 85' lang='lat' dir='ltr'>spectet</span> <span class='ocrx_word' id='word_1_102' title='bbox 411 1616 564 1672; x_wconf 88' lang='lat' dir='ltr'>actio,</span> <span class='ocrx_word' id='word_1_103' title='bbox 592 1615 1022 1677; x_wconf 71' lang='lat' dir='ltr'>distinguentibus.</span> <span class='ocrx_word' id='word_1_104' title='bbox 1064 1617 1138 1663; x_wconf 85' lang='lat' dir='ltr'>lta</span> <span class='ocrx_word' id='word_1_105' title='bbox 1166 1615 1524 1679; x_wconf 86' lang='lat' dir='ltr'>Theopompus</span> <span class='ocrx_word' id='word_1_106' title='bbox 1554 1632 1603 1662; x_wconf 87' lang='lat' dir='ltr'>se</span> <span class='ocrx_word' id='word_1_107' title='bbox 1636 1623 1679 1661; x_wconf 87' lang='lat' dir='ltr'>et</span> <span class='ocrx_word' id='word_1_108' title='bbox 1706 1614 1888 1662; x_wconf 86' lang='lat' dir='ltr'>tutelae</span> <span class='ocrx_word' id='word_1_109' title='bbox 1918 1612 2041 1660; x_wconf 89' lang='lat' dir='ltr'>male</span> 
     </span>
     <span class='ocr_line' id='line_1_17' title="bbox 196 1697 2039 1764; baseline -0.002 -16"><span class='ocrx_word' id='word_1_110' title='bbox 196 1708 364 1764; x_wconf 85' lang='lat' dir='ltr'>gestae</span> <span class='ocrx_word' id='word_1_111' title='bbox 393 1708 441 1747; x_wconf 91' lang='lat' dir='ltr'>et</span> <span class='ocrx_word' id='word_1_112' title='bbox 468 1698 752 1746; x_wconf 87' lang='lat' dir='ltr'>hereditatis</span> <span class='ocrx_word' id='word_1_113' title='bbox 778 1698 954 1762; x_wconf 87' lang='lat' dir='ltr'>injuste</span> <span class='ocrx_word' id='word_1_114' title='bbox 983 1698 1249 1762; x_wconf 83' lang='lat' dir='ltr'>acquisitae</span> <span class='ocrx_word' id='word_1_115' title='bbox 1278 1697 1553 1745; x_wconf 87' lang='lat' dir='ltr'>actionibus</span> <span class='ocrx_word' id='word_1_116' title='bbox 1580 1699 1680 1762; x_wconf 89' lang='lat' dir='ltr'>peti</span> <span class='ocrx_word' id='word_1_117' title='bbox 1709 1697 1926 1761; x_wconf 80' lang='lat' dir='ltr'>potuisse</span> <span class='ocrx_word' id='word_1_118' title='bbox 1945 1698 2039 1744; x_wconf 88' lang='lat' dir='ltr'>ait:</span> 
     </span>
     <span class='ocr_line' id='line_1_18' title="bbox 197 1775 2035 1846; baseline -0.002 -18"><span class='ocrx_word' id='word_1_119' title='bbox 197 1783 245 1828; x_wconf 71' lang='grc' dir='ltr'>εἰ</span> <span class='ocrx_word' id='word_1_120' title='bbox 283 1779 362 1837; x_wconf 78' lang='grc' dir='ltr'>δὲ,</span> <span class='ocrx_word' id='word_1_121' title='bbox 402 1783 592 1846; x_wconf 83' lang='lat' dir='ltr'>pergit,</span> <span class='ocrx_word' id='word_1_122' title='bbox 637 1777 762 1842; x_wconf 71' lang='grc' dir='ltr'>μήτε</span> <span class='ocrx_word' id='word_1_123' title='bbox 801 1776 957 1842; x_wconf 72' lang='grc' dir='ltr'><em>πρὸς</em></span> <span class='ocrx_word' id='word_1_124' title='bbox 1010 1780 1113 1842; x_wconf 60' lang='grc' dir='ltr'>ἐμὲ</span> <span class='ocrx_word' id='word_1_125' title='bbox 1149 1777 1274 1840; x_wconf 67' lang='grc' dir='ltr'>μήτε</span> <span class='ocrx_word' id='word_1_126' title='bbox 1312 1783 1450 1825; x_wconf 78' lang='grc' dir='ltr'><em>κατ’</em></span> <span class='ocrx_word' id='word_1_127' title='bbox 1504 1778 1664 1840; x_wconf 72' lang='grc' dir='ltr'>ἐμοῦ</span> <span class='ocrx_word' id='word_1_128' title='bbox 1709 1778 1861 1836; x_wconf 73' lang='grc' dir='ltr'><em>δίκην</em></span> <span class='ocrx_word' id='word_1_129' title='bbox 1902 1775 2035 1826; x_wconf 67' lang='grc' dir='ltr'><em>εἷναί</em></span> 
     </span>
     <span class='ocr_line' id='line_1_19' title="bbox 198 1860 2037 1928; baseline -0.002 -17"><span class='ocrx_word' id='word_1_130' title='bbox 198 1881 318 1925; x_wconf 79' lang='grc' dir='ltr'><em>φησι</em></span> <span class='ocrx_word' id='word_1_131' title='bbox 346 1861 416 1927; x_wconf 71' lang='grc' dir='ltr'>τῷ</span> <span class='ocrx_word' id='word_1_132' title='bbox 445 1862 602 1913; x_wconf 81' lang='grc' dir='ltr'><em>παιδί.</em></span> <span class='ocrx_word' id='word_1_133' title='bbox 643 1866 838 1924; x_wconf 87' lang='lat' dir='ltr'>(Isaeus</span> <span class='ocrx_word' id='word_1_134' title='bbox 867 1865 926 1912; x_wconf 87' lang='lat' dir='ltr'>de</span> <span class='ocrx_word' id='word_1_135' title='bbox 953 1864 1180 1927; x_wconf 86' lang='lat' dir='ltr'>Hagniae</span> <span class='ocrx_word' id='word_1_136' title='bbox 1209 1864 1372 1912; x_wconf 88' lang='lat' dir='ltr'>hered.</span> <span class='ocrx_word' id='word_1_137' title='bbox 1404 1883 1450 1928; x_wconf 90' lang='lat' dir='ltr'>p.</span> <span class='ocrx_word' id='word_1_138' title='bbox 1480 1865 1596 1912; x_wconf 79' lang='lat'><strong>288.</strong></span> <span class='ocrx_word' id='word_1_139' title='bbox 1626 1860 1668 1928; x_wconf 67' lang='grc' dir='ltr'>ξ.</span> <span class='ocrx_word' id='word_1_140' title='bbox 1699 1864 1839 1921; x_wconf 77' lang='grc'>34).“</span> <span class='ocrx_word' id='word_1_141' title='bbox 1882 1864 1966 1910; x_wconf 88' lang='lat' dir='ltr'>Bu</span> <span class='ocrx_word' id='word_1_142' title='bbox 1985 1880 2037 1908; x_wconf 88' lang='lat' dir='ltr'>n-</span> 
     </span>
     <span class='ocr_line' id='line_1_20' title="bbox 196 1946 2036 2014; baseline -0.002 -17"><span class='ocrx_word' id='word_1_143' title='bbox 196 1967 334 1997; x_wconf 87' lang='lat' dir='ltr'>sen:</span> <span class='ocrx_word' id='word_1_144' title='bbox 375 1948 447 1996; x_wconf 90' lang='lat' dir='ltr'>De</span> <span class='ocrx_word' id='word_1_145' title='bbox 481 1949 592 2014; x_wconf 88' lang='lat' dir='ltr'>jure</span> <span class='ocrx_word' id='word_1_146' title='bbox 628 1947 923 1995; x_wconf 88' lang='lat' dir='ltr'>hereditario</span> <span class='ocrx_word' id='word_1_147' title='bbox 955 1948 1344 1995; x_wconf 87' lang='lat' dir='ltr'>Atheniensium.</span> <span class='ocrx_word' id='word_1_148' title='bbox 1386 1946 1656 2011; x_wconf 77' lang='lat' dir='ltr'>Gottingae</span> <span class='ocrx_word' id='word_1_149' title='bbox 1688 1947 1837 1994; x_wconf 79' lang='lat'><strong>1813.</strong></span> <span class='ocrx_word' id='word_1_150' title='bbox 1878 1964 1924 2010; x_wconf 87' lang='lat' dir='ltr'>p.</span> <span class='ocrx_word' id='word_1_151' title='bbox 1953 1946 2036 1993; x_wconf 78' lang='lat'>89.</span> 
     </span>
    </p>
   </div>
   <div class='ocr_carea' id='block_1_5' title="bbox 194 2041 2042 3125">
    <p class='ocr_par' dir='ltr' id='par_1_5' title="bbox 194 2041 2042 2441">
     <span class='ocr_line' id='line_1_21' title="bbox 343 2041 2042 2109; baseline -0.003 -18"><span class='ocrx_word' id='word_1_152' title='bbox 343 2044 470 2106; x_wconf 78' lang='lat' dir='ltr'>„Qui</span> <span class='ocrx_word' id='word_1_153' title='bbox 497 2062 709 2109; x_wconf 90' lang='lat' dir='ltr'>poenam</span> <span class='ocrx_word' id='word_1_154' title='bbox 737 2044 798 2091; x_wconf 83' lang='lat' dir='ltr'>ab</span> <span class='ocrx_word' id='word_1_155' title='bbox 827 2044 1110 2092; x_wconf 89' lang='lat' dir='ltr'>adversario</span> <span class='ocrx_word' id='word_1_156' title='bbox 1137 2044 1314 2108; x_wconf 88' lang='lat' dir='ltr'>repetit</span> <span class='ocrx_word' id='word_1_157' title='bbox 1341 2050 1423 2091; x_wconf 88' lang='lat' dir='ltr'>aut</span> <span class='ocrx_word' id='word_1_158' title='bbox 1452 2043 1614 2091; x_wconf 88' lang='lat' dir='ltr'>delicti</span> <span class='ocrx_word' id='word_1_159' title='bbox 1656 2043 1861 2107; x_wconf 75' lang='lat' dir='ltr'>privati,</span> <span class='ocrx_word' id='word_1_160' title='bbox 1907 2041 2042 2088; x_wconf 78' lang='lat' dir='ltr'>velut</span> 
     </span>
     <span class='ocr_line' id='line_1_22' title="bbox 195 2121 2040 2192; baseline -0.004 -16"><span class='ocrx_word' id='word_1_161' title='bbox 195 2128 336 2188; x_wconf 89' lang='lat' dir='ltr'>furti,</span> <span class='ocrx_word' id='word_1_162' title='bbox 376 2128 688 2192; x_wconf 87' lang='lat' dir='ltr'>injuriarum,</span> <span class='ocrx_word' id='word_1_163' title='bbox 730 2127 1064 2175; x_wconf 82' lang='lat' dir='ltr'>stellionatus.</span> <span class='ocrx_word' id='word_1_164' title='bbox 1105 2135 1189 2174; x_wconf 91' lang='lat' dir='ltr'>aut</span> <span class='ocrx_word' id='word_1_165' title='bbox 1215 2127 1382 2174; x_wconf 77' lang='lat' dir='ltr'>violati</span> <span class='ocrx_word' id='word_1_166' title='bbox 1411 2134 1716 2177; x_wconf 78' lang='lat' dir='ltr'>contractus,</span> <span class='ocrx_word' id='word_1_167' title='bbox 1760 2133 1843 2173; x_wconf 85' lang='lat' dir='ltr'>aut</span> <span class='ocrx_word' id='word_1_168' title='bbox 1872 2121 2040 2172; x_wconf 86' lang='lat' dir='ltr'>damni</span> 
     </span>
     <span class='ocr_line' id='line_1_23' title="bbox 194 2207 2037 2275; baseline -0.003 -17"><span class='ocrx_word' id='word_1_169' title='bbox 194 2211 373 2275; x_wconf 89' lang='lat' dir='ltr'>injuria</span> <span class='ocrx_word' id='word_1_170' title='bbox 412 2210 540 2270; x_wconf 88' lang='lat' dir='ltr'>dati,</span> <span class='ocrx_word' id='word_1_171' title='bbox 578 2210 619 2259; x_wconf 90' lang='lat' dir='ltr'>is</span> <span class='ocrx_word' id='word_1_172' title='bbox 659 2207 810 2266; x_wconf 80' lang='grc' dir='ltr'><em>δίκην</em></span> <span class='ocrx_word' id='word_1_173' title='bbox 848 2207 1014 2255; x_wconf 76' lang='grc' dir='ltr'><em>κατά</em></span> <span class='ocrx_word' id='word_1_174' title='bbox 1061 2228 1117 2255; x_wconf 77' lang='grc' dir='ltr'>τι</span> <span class='ocrx_word' id='word_1_175' title='bbox 1140 2227 1246 2262; x_wconf 71' lang='grc' dir='ltr'>νος</span> <span class='ocrx_word' id='word_1_176' title='bbox 1285 2210 1538 2257; x_wconf 89' lang='lat' dir='ltr'>instituere</span> <span class='ocrx_word' id='word_1_177' title='bbox 1579 2209 1783 2262; x_wconf 72' lang='lat' dir='ltr'>dicitur2</span> <span class='ocrx_word' id='word_1_178' title='bbox 1822 2208 2037 2271; x_wconf 88' lang='lat' dir='ltr'>reliquae</span> 
     </span>
     <span class='ocr_line' id='line_1_24' title="bbox 195 2289 2037 2355; baseline -0.003 -14"><span class='ocrx_word' id='word_1_179' title='bbox 195 2293 412 2341; x_wconf 88' lang='lat' dir='ltr'>actiones</span> <span class='ocrx_word' id='word_1_180' title='bbox 440 2300 553 2341; x_wconf 89' lang='lat' dir='ltr'>sunt</span> <span class='ocrx_word' id='word_1_181' title='bbox 579 2289 699 2355; x_wconf 81' lang='grc' dir='ltr'><em>πρός</em></span> <span class='ocrx_word' id='word_1_182' title='bbox 726 2293 887 2341; x_wconf 72' lang='grc' dir='ltr'>τινα.“</span> <span class='ocrx_word' id='word_1_183' title='bbox 932 2291 997 2352; x_wconf 82' lang='lat' dir='ltr'>(S</span> <span class='ocrx_word' id='word_1_184' title='bbox 1016 2292 1087 2340; x_wconf 92' lang='lat' dir='ltr'>ch</span> <span class='ocrx_word' id='word_1_185' title='bbox 1104 2312 1130 2340; x_wconf 96' lang='lat' dir='ltr'>o</span> <span class='ocrx_word' id='word_1_186' title='bbox 1149 2309 1172 2339; x_wconf 93' lang='lat' dir='ltr'>e</span> <span class='ocrx_word' id='word_1_187' title='bbox 1191 2309 1403 2339; x_wconf 89' lang='lat' dir='ltr'>mann:</span> <span class='ocrx_word' id='word_1_188' title='bbox 1446 2291 1776 2355; x_wconf 86' lang='lat' dir='ltr'>Antiquitates</span> <span class='ocrx_word' id='word_1_189' title='bbox 1796 2291 1920 2355; x_wconf 84' lang='lat' dir='ltr'>juris</span> <span class='ocrx_word' id='word_1_190' title='bbox 1949 2306 2037 2354; x_wconf 92' lang='lat' dir='ltr'>pu-</span> 
     </span>
     <span class='ocr_line' id='line_1_25' title="bbox 196 2375 893 2441; baseline -0.003 -16"><span class='ocrx_word' id='word_1_191' title='bbox 196 2377 311 2425; x_wconf 91' lang='lat' dir='ltr'>blici</span> <span class='ocrx_word' id='word_1_192' title='bbox 340 2375 642 2425; x_wconf 84' lang='lat' dir='ltr'>Graecorum</span> <span class='ocrx_word' id='word_1_193' title='bbox 671 2395 717 2441; x_wconf 93' lang='lat' dir='ltr'>p.</span> <span class='ocrx_word' id='word_1_194' title='bbox 749 2376 893 2435; x_wconf 83' lang='grc'>274.)</span> 
     </span>
    </p>

    <p class='ocr_par' dir='ltr' id='par_1_6' title="bbox 199 2465 2038 2785">
     <span class='ocr_line' id='line_1_26' title="bbox 341 2465 2037 2537; baseline -0.005 -18"><span class='ocrx_word' id='word_1_195' title='bbox 341 2470 438 2520; x_wconf 86' lang='lat' dir='ltr'>Sed</span> <span class='ocrx_word' id='word_1_196' title='bbox 475 2472 524 2519; x_wconf 89' lang='lat' dir='ltr'>in</span> <span class='ocrx_word' id='word_1_197' title='bbox 566 2473 756 2521; x_wconf 85' lang='lat' dir='ltr'>actione</span> <span class='ocrx_word' id='word_1_198' title='bbox 795 2471 989 2537; x_wconf 82' lang='lat' dir='ltr'>privata</span> <span class='ocrx_word' id='word_1_199' title='bbox 1016 2465 1359 2524; x_wconf 75' lang='grc' dir='ltr'><em>ἀποστασίου,</em></span> <span class='ocrx_word' id='word_1_200' title='bbox 1404 2487 1526 2534; x_wconf 81' lang='lat' dir='ltr'>quae</span> <span class='ocrx_word' id='word_1_201' title='bbox 1556 2469 1646 2518; x_wconf 88' lang='lat' dir='ltr'>fuit</span> <span class='ocrx_word' id='word_1_202' title='bbox 1673 2465 1806 2514; x_wconf 74' lang='grc' dir='ltr'>κατά</span> <span class='ocrx_word' id='word_1_203' title='bbox 1837 2485 1969 2521; x_wconf 67' lang='grc' dir='ltr'><em>τινος</em></span> <span class='ocrx_word' id='word_1_204' title='bbox 2001 2467 2037 2526; x_wconf 85' lang='lat'>¹)</span> 
     </span>
     <span class='ocr_line' id='line_1_27' title="bbox 199 2552 2037 2621; baseline -0.002 -19"><span class='ocrx_word' id='word_1_205' title='bbox 199 2554 425 2602; x_wconf 87' lang='lat' dir='ltr'>dominus</span> <span class='ocrx_word' id='word_1_206' title='bbox 465 2573 563 2604; x_wconf 89' lang='lat' dir='ltr'>non</span> <span class='ocrx_word' id='word_1_207' title='bbox 605 2557 783 2621; x_wconf 88' lang='lat' dir='ltr'>repetit</span> <span class='ocrx_word' id='word_1_208' title='bbox 822 2571 1033 2620; x_wconf 81' lang='lat' dir='ltr'>poenam</span> <span class='ocrx_word' id='word_1_209' title='bbox 1074 2572 1101 2602; x_wconf 88' lang='lat' dir='ltr'>a</span> <span class='ocrx_word' id='word_1_210' title='bbox 1141 2554 1455 2601; x_wconf 77' lang='lat' dir='ltr'>manumisso.</span> <span class='ocrx_word' id='word_1_211' title='bbox 1510 2555 1614 2602; x_wconf 89' lang='lat' dir='ltr'>Nec</span> <span class='ocrx_word' id='word_1_212' title='bbox 1641 2554 1691 2600; x_wconf 86' lang='lat' dir='ltr'>in</span> <span class='ocrx_word' id='word_1_213' title='bbox 1719 2553 1911 2602; x_wconf 86' lang='lat' dir='ltr'>actione</span> <span class='ocrx_word' id='word_1_214' title='bbox 1939 2552 2037 2616; x_wconf 89' lang='lat' dir='ltr'>pri-</span> 
     </span>
     <span class='ocr_line' id='line_1_28' title="bbox 199 2633 2038 2702; baseline -0.001 -18"><span class='ocrx_word' id='word_1_215' title='bbox 199 2646 313 2685; x_wconf 85' lang='lat' dir='ltr'>vata</span> <span class='ocrx_word' id='word_1_216' title='bbox 339 2636 600 2698; x_wconf 73' lang='grc' dir='ltr'><em>ἐπιτροπῆς</em></span> <span class='ocrx_word' id='word_1_217' title='bbox 617 2675 628 2693; x_wconf 92' lang='grc'>,</span> <span class='ocrx_word' id='word_1_218' title='bbox 671 2656 793 2702; x_wconf 90' lang='lat' dir='ltr'>quae</span> <span class='ocrx_word' id='word_1_219' title='bbox 823 2637 1042 2686; x_wconf 88' lang='lat' dir='ltr'>similiter</span> <span class='ocrx_word' id='word_1_220' title='bbox 1067 2638 1157 2686; x_wconf 90' lang='lat' dir='ltr'>fuit</span> <span class='ocrx_word' id='word_1_221' title='bbox 1183 2655 1218 2681; x_wconf 79' lang='grc' dir='ltr'><em>κ</em></span> <span class='ocrx_word' id='word_1_222' title='bbox 1235 2654 1306 2681; x_wconf 82' lang='grc' dir='ltr'>ατ</span> <span class='ocrx_word' id='word_1_223' title='bbox 1324 2633 1352 2681; x_wconf 83' lang='grc' dir='ltr'><em>ά</em></span> <span class='ocrx_word' id='word_1_224' title='bbox 1380 2654 1517 2690; x_wconf 71' lang='grc' dir='ltr'><em>τινος</em></span> <span class='ocrx_word' id='word_1_225' title='bbox 1544 2638 1602 2697; x_wconf 76' lang='lat'>²),</span> <span class='ocrx_word' id='word_1_226' title='bbox 1645 2636 1888 2701; x_wconf 88' lang='lat' dir='ltr'>reperitur</span> <span class='ocrx_word' id='word_1_227' title='bbox 1916 2635 2038 2700; x_wconf 87' lang='lat' dir='ltr'>ejus-</span> 
     </span>
     <span class='ocr_line' id='line_1_29' title="bbox 200 2721 819 2785; baseline 0.003 -20"><span class='ocrx_word' id='word_1_228' title='bbox 200 2721 330 2768; x_wconf 85' lang='lat' dir='ltr'>modi</span> <span class='ocrx_word' id='word_1_229' title='bbox 359 2738 550 2785; x_wconf 88' lang='lat' dir='ltr'>poenae</span> <span class='ocrx_word' id='word_1_230' title='bbox 580 2721 819 2785; x_wconf 84' lang='lat' dir='ltr'>repetitio.</span> 
     </span>
    </p>

    <p class='ocr_par' dir='ltr' id='par_1_7' title="bbox 201 2813 2039 3125">
     <span class='ocr_line' id='line_1_30' title="bbox 342 2813 2032 2880; baseline -0.002 -19"><span class='ocrx_word' id='word_1_231' title='bbox 342 2816 486 2880; x_wconf 88' lang='lat' dir='ltr'>Apud</span> <span class='ocrx_word' id='word_1_232' title='bbox 515 2816 564 2864; x_wconf 85' lang='lat' dir='ltr'><strong>M</strong></span> <span class='ocrx_word' id='word_1_233' title='bbox 582 2833 605 2863; x_wconf 94' lang='lat' dir='ltr'>e</span> <span class='ocrx_word' id='word_1_234' title='bbox 622 2816 635 2863; x_wconf 92' lang='lat' dir='ltr'>i</span> <span class='ocrx_word' id='word_1_235' title='bbox 652 2833 676 2863; x_wconf 92' lang='lat' dir='ltr'>e</span> <span class='ocrx_word' id='word_1_236' title='bbox 693 2834 762 2863; x_wconf 91' lang='lat' dir='ltr'>ru</span> <span class='ocrx_word' id='word_1_237' title='bbox 780 2833 824 2862; x_wconf 88' lang='lat' dir='ltr'>m</span> <span class='ocrx_word' id='word_1_238' title='bbox 865 2824 912 2863; x_wconf 92' lang='lat' dir='ltr'>et</span> <span class='ocrx_word' id='word_1_239' title='bbox 952 2815 984 2863; x_wconf 79' lang='lat' dir='ltr'>S</span> <span class='ocrx_word' id='word_1_240' title='bbox 1004 2832 1028 2862; x_wconf 95' lang='lat' dir='ltr'>c</span> <span class='ocrx_word' id='word_1_241' title='bbox 1044 2816 1074 2862; x_wconf 95' lang='lat' dir='ltr'>h</span> <span class='ocrx_word' id='word_1_242' title='bbox 1092 2832 1118 2861; x_wconf 86' lang='lat' dir='ltr'>o</span> <span class='ocrx_word' id='word_1_243' title='bbox 1135 2832 1159 2861; x_wconf 91' lang='lat' dir='ltr'>e</span> <span class='ocrx_word' id='word_1_244' title='bbox 1178 2833 1221 2862; x_wconf 87' lang='lat' dir='ltr'>m</span> <span class='ocrx_word' id='word_1_245' title='bbox 1240 2832 1313 2862; x_wconf 86' lang='lat' dir='ltr'>an</span> <span class='ocrx_word' id='word_1_246' title='bbox 1330 2832 1360 2861; x_wconf 91' lang='lat' dir='ltr'>n</span> <span class='ocrx_word' id='word_1_247' title='bbox 1378 2832 1407 2862; x_wconf 92' lang='lat' dir='ltr'>u</span> <span class='ocrx_word' id='word_1_248' title='bbox 1424 2833 1471 2862; x_wconf 86' lang='lat' dir='ltr'>m</span> <span class='ocrx_word' id='word_1_249' title='bbox 1511 2816 1638 2874; x_wconf 80' lang='lat' dir='ltr'>(Der</span> <span class='ocrx_word' id='word_1_250' title='bbox 1667 2814 1886 2863; x_wconf 81' lang='lat' dir='ltr'>Attische</span> <span class='ocrx_word' id='word_1_251' title='bbox 1916 2813 2032 2860; x_wconf 81' lang='lat' dir='ltr'>Pro-</span> 
     </span>
     <span class='ocr_line' id='line_1_31' title="bbox 201 2893 2038 2962; baseline -0.003 -18"><span class='ocrx_word' id='word_1_252' title='bbox 201 2914 304 2945; x_wconf 75' lang='lat' dir='ltr'>cess</span> <span class='ocrx_word' id='word_1_253' title='bbox 332 2917 377 2962; x_wconf 79' lang='lat' dir='ltr'>p,</span> <span class='ocrx_word' id='word_1_254' title='bbox 410 2899 534 2958; x_wconf 85' lang='lat'>167)</span> <span class='ocrx_word' id='word_1_255' title='bbox 563 2899 709 2947; x_wconf 87' lang='lat' dir='ltr'>etiam</span> <span class='ocrx_word' id='word_1_256' title='bbox 744 2896 946 2955; x_wconf 69' lang='grc' dir='ltr'>ἐξούλης</span> <span class='ocrx_word' id='word_1_257' title='bbox 977 2897 1093 2954; x_wconf 75' lang='grc' dir='ltr'>δίκη</span> <span class='ocrx_word' id='word_1_258' title='bbox 1133 2898 1311 2945; x_wconf 84' lang='lat' dir='ltr'>dicitur</span> <span class='ocrx_word' id='word_1_259' title='bbox 1349 2898 1495 2946; x_wconf 86' lang='lat' dir='ltr'>fuisse</span> <span class='ocrx_word' id='word_1_260' title='bbox 1538 2894 1652 2953; x_wconf 74' lang='grc' dir='ltr'>δι’κι,</span> <span class='ocrx_word' id='word_1_261' title='bbox 1693 2893 1860 2942; x_wconf 69' lang='grc' dir='ltr'>κατά</span> <span class='ocrx_word' id='word_1_262' title='bbox 1906 2912 2038 2948; x_wconf 72' lang='grc' dir='ltr'><em>τινος</em></span> 
     </span>
     <span class='ocr_line' id='line_1_32' title="bbox 202 2980 2036 3046; baseline 0.001 -20"><span class='ocrx_word' id='word_1_263' title='bbox 202 2980 354 3039; x_wconf 85' lang='lat' dir='ltr'>(actio</span> <span class='ocrx_word' id='word_1_264' title='bbox 381 2981 428 3027; x_wconf 87' lang='lat' dir='ltr'>in</span> <span class='ocrx_word' id='word_1_265' title='bbox 458 2983 726 3046; x_wconf 73' lang='lat' dir='ltr'>aliquem),</span> <span class='ocrx_word' id='word_1_266' title='bbox 766 2983 849 3030; x_wconf 90' lang='lat' dir='ltr'>sed</span> <span class='ocrx_word' id='word_1_267' title='bbox 876 2981 1224 3030; x_wconf 83' lang='lat' dir='ltr'>Demosthenis</span> <span class='ocrx_word' id='word_1_268' title='bbox 1261 2982 1381 3028; x_wconf 81' lang='lat' dir='ltr'>30-a</span> <span class='ocrx_word' id='word_1_269' title='bbox 1410 2989 1456 3029; x_wconf 86' lang='lat' dir='ltr'>et</span> <span class='ocrx_word' id='word_1_270' title='bbox 1485 2981 1606 3028; x_wconf 82' lang='lat' dir='ltr'>31-a</span> <span class='ocrx_word' id='word_1_271' title='bbox 1634 2981 1788 3030; x_wconf 82' lang='lat' dir='ltr'>oratio</span> <span class='ocrx_word' id='word_1_272' title='bbox 1816 2981 2036 3030; x_wconf 85' lang='lat' dir='ltr'>inscribi-</span> 
     </span>
     <span class='ocr_line' id='line_1_33' title="bbox 202 3059 2039 3125; baseline 0.001 -16"><span class='ocrx_word' id='word_1_273' title='bbox 202 3071 279 3109; x_wconf 87' lang='lat' dir='ltr'>tur</span> <span class='ocrx_word' id='word_1_274' title='bbox 319 3059 483 3121; x_wconf 75' lang='grc' dir='ltr'><em>Πρὸς</em></span> <span class='ocrx_word' id='word_1_275' title='bbox 514 3059 767 3125; x_wconf 69' lang='grc' dir='ltr'>Ὀνήτορα</span> <span class='ocrx_word' id='word_1_276' title='bbox 806 3061 1009 3121; x_wconf 60' lang='grc' dir='ltr'>ἐξούλης</span> <span class='ocrx_word' id='word_1_277' title='bbox 1038 3064 1318 3123; x_wconf 70' lang='lat' dir='ltr'>(Adversus</span> <span class='ocrx_word' id='word_1_278' title='bbox 1348 3065 1617 3113; x_wconf 77' lang='lat' dir='ltr'>One-torem</span> <span class='ocrx_word' id='word_1_279' title='bbox 1644 3063 1772 3112; x_wconf 90' lang='lat' dir='ltr'>unde</span> <span class='ocrx_word' id='word_1_280' title='bbox 1802 3065 1896 3125; x_wconf 85' lang='lat' dir='ltr'>vi),</span> <span class='ocrx_word' id='word_1_281' title='bbox 1938 3082 2039 3112; x_wconf 89' lang='lat' dir='ltr'>non</span> 
     </span>
    </p>
   </div>
   <div class='ocr_carea' id='block_1_6' title="bbox 205 3171 479 3181">
    <p class='ocr_par' dir='ltr' id='par_1_8' title="bbox 205 3171 479 3181">
     <span class='ocr_line' id='line_1_34' title="bbox 205 3171 479 3181; baseline 0 0"><span class='ocrx_word' id='word_1_282' title='bbox 205 3171 479 3181; x_wconf 95' lang='lat' dir='ltr'> </span> 
     </span>
    </p>
   </div>
   <div class='ocr_carea' id='block_1_7' title="bbox 204 3213 2037 3338">
    <p class='ocr_par' dir='ltr' id='par_1_9' title="bbox 204 3213 2037 3338">
     <span class='ocr_line' id='line_1_35' title="bbox 351 3213 2037 3272; baseline 0.002 -18"><span class='ocrx_word' id='word_1_283' title='bbox 351 3215 396 3261; x_wconf 86' lang='lat'>1)</span> <span class='ocrx_word' id='word_1_284' title='bbox 428 3213 564 3255; x_wconf 83' lang='lat' dir='ltr'>Index</span> <span class='ocrx_word' id='word_1_285' title='bbox 600 3217 840 3257; x_wconf 85' lang='lat' dir='ltr'>orationum</span> <span class='ocrx_word' id='word_1_286' title='bbox 875 3215 1219 3257; x_wconf 85' lang='lat' dir='ltr'>Dinarchearum</span> <span class='ocrx_word' id='word_1_287' title='bbox 1255 3215 1370 3272; x_wconf 85' lang='lat' dir='ltr'>apud</span> <span class='ocrx_word' id='word_1_288' title='bbox 1404 3215 1663 3271; x_wconf 70' lang='lat' dir='ltr'>Dionysium</span> <span class='ocrx_word' id='word_1_289' title='bbox 1686 3215 2037 3258; x_wconf 82' lang='lat' dir='ltr'>Halicarnassen-</span> 
     </span>
     <span class='ocr_line' id='line_1_36' title="bbox 204 3282 2036 3338; baseline 0.002 -14"><span class='ocrx_word' id='word_1_290' title='bbox 204 3298 314 3325; x_wconf 78' lang='lat' dir='ltr'>sem:</span> <span class='ocrx_word' id='word_1_291' title='bbox 349 3282 496 3323; x_wconf 84' lang='lat' dir='ltr'>XLIX</span> <span class='ocrx_word' id='word_1_292' title='bbox 516 3300 522 3323; x_wconf 90' lang='lat'><strong>:</strong></span> <span class='ocrx_word' id='word_1_293' title='bbox 563 3287 600 3324; x_wconf 68' lang='lat' dir='ltr'>l(</span> <span class='ocrx_word' id='word_1_294' title='bbox 616 3305 642 3325; x_wconf 78' lang='lat' dir='ltr'>c&lt;</span> <span class='ocrx_word' id='word_1_295' title='bbox 660 3305 682 3327; x_wconf 89' lang='lat' dir='ltr'>r</span> <span class='ocrx_word' id='word_1_296' title='bbox 698 3286 725 3328; x_wconf 76' lang='grc' dir='ltr'>(ὲ</span> <span class='ocrx_word' id='word_1_297' title='bbox 753 3286 762 3298; x_wconf 64' lang='lat'>²</span> <span class='ocrx_word' id='word_1_298' title='bbox 781 3287 958 3338; x_wconf 70' lang='grc' dir='ltr'><em>Ηδύλης</em></span> <span class='ocrx_word' id='word_1_299' title='bbox 982 3284 1271 3329; x_wconf 55' lang='grc' dir='ltr'>ἀποστασίου.</span> <span class='ocrx_word' id='word_1_300' title='bbox 1298 3313 1347 3317; x_wconf 83' lang='grc'>-</span> <span class='ocrx_word' id='word_1_301' title='bbox 1375 3291 1422 3337; x_wconf 82' lang='grc'>2)</span> <span class='ocrx_word' id='word_1_302' title='bbox 1445 3285 1748 3328; x_wconf 77' lang='lat' dir='ltr'>Demosthenis</span> <span class='ocrx_word' id='word_1_303' title='bbox 1772 3288 1906 3330; x_wconf 83' lang='lat' dir='ltr'>oratio</span> <span class='ocrx_word' id='word_1_304' title='bbox 1935 3288 1972 3329; x_wconf 75' lang='grc' dir='ltr'><em>Κ</em></span> <span class='ocrx_word' id='word_1_305' title='bbox 1990 3305 2036 3328; x_wconf 75' lang='lat' dir='ltr'>a·</span> 
     </span>
    </p>
   </div>
   <div class='ocr_carea' id='block_1_8' title="bbox 205 3352 793 3413">
    <p class='ocr_par' dir='ltr' id='par_1_10' title="bbox 205 3352 793 3413">
     <span class='ocr_line' id='line_1_37' title="bbox 205 3352 793 3413; baseline 0.009 -19"><span class='ocrx_word' id='word_1_306' title='bbox 205 3372 228 3398; x_wconf 82' lang='grc' dir='ltr'><em>τ</em></span> <span class='ocrx_word' id='word_1_307' title='bbox 243 3352 270 3397; x_wconf 72' lang='grc' dir='ltr'>(ἔ</span> <span class='ocrx_word' id='word_1_308' title='bbox 306 3353 514 3413; x_wconf 56' lang='grc' dir='ltr'>Ἀφόβου</span> <span class='ocrx_word' id='word_1_309' title='bbox 547 3355 608 3396; x_wconf 67' lang='grc' dir='ltr'>ἐπι</span> <span class='ocrx_word' id='word_1_310' title='bbox 620 3358 793 3413; x_wconf 57' lang='grc' dir='ltr'>τροπῆς.</span> 
     </span>
    </p>
   </div>
  </div>
 </body>
</html>
