2114 3642
565 223 969 254 commiwmums
1001 222 1066 253 An
1096 220 1200 254 1301.
1231 220 1333 254 13114.
1365 219 1466 254 1312.
1498 219 1601 253 1315.
1887 209 1987 256 595

155 347 202 394 id
229 348 385 396 solum
414 350 559 414 petit,
587 358 640 396 ut
666 349 798 396 cives
826 349 1097 405 Romanos,
1126 349 1164 396 si
1193 349 1274 412 qui
1303 348 1434 413 apud
1463 366 1545 397 eos
1572 350 1621 397 in
1650 350 1885 398 servitute
1915 368 1986 398 es-

152 439 284 486 sent„
328 432 627 495 conquisitos
665 433 795 480 intra
833 433 1135 480 tricesimum
1174 431 1304 480 diem
1342 432 1403 480 ad
1442 449 1492 480 se
1531 432 1806 492 mitterent3
1859 433 1987 496 quod

149 513 296 562 etiam
323 514 556 563 fecerunt.
601 514 886 573 (Diodor.
917 513 1105 562 810111.
1135 513 1372 573 XXVIII,
1407 514 1513 573 12.)

289 608 497 656 Romani
538 625 684 671 quum
712 607 1037 657 Athenienses
1076 609 1377 673 recepissent
1420 609 1645 674 populari
1679 608 1985 673 reipublicae

150 693 304 740 forma
332 698 550 749 utentes,
591 690 871 740 libertatem
909 692 1026 755 ipsis
1067 708 1203 739 suam
1228 691 1461 755 legesque
1488 692 1758 740 incolumes
1785 709 1981 740 conser-

148 784 326 823 varunt
342 813 351 836 ,
394 775 476 838 qui
510 773 755 839 hodieque
783 774 1005 823 libertate
1036 774 1265 821 fruuntur
1292 783 1337 823 et
1363 774 1492 836 apud
1520 775 1766 823 Romanos
1795 784 1908 825 sunt
1933 777 1984 824 iu

149 858 348 906 honore.
391 857 655 917 (Strabo
682 858 770 916 IX,
802 859 846 919 1,
875 859 955 906 20.
985 876 1030 921 p.
1059 855 1207 916 610.)

287 955 361 1002 De
396 953 680 1002 foederibus
709 953 1013 1003 Graecorum
1050 953 1381 1002 doctissimum
1421 954 1613 1018 scripsit
1654 972 1777 1019 opus
1819 954 1983 1002 claris-

147 1036 295 1083 simus
324 1036 499 1099 Egge
516 1056 563 1093 r,
606 1038 735 1101 quod
763 1038 1063 1086 inscribitur:
1103 1035 1338 1084 Memoire
1368 1036 1633 1099 historique
1662 1055 1743 1084 sur
1771 1037 1840 1085 les
1867 1038 1985 1086 trai-

147 1121 219 1167 tes
246 1120 436 1183 publics
462 1120 586 1168 dans
612 1121 640 1168 l'
657 1121 909 1185 antiquite,
939 1120 1111 1185 depuis
1138 1120 1206 1167 les
1234 1127 1393 1184 temps
1422 1119 1681 1184 heroiques
1709 1120 1767 1168 de
1794 1121 1842 1168 la
1862 1120 1984 1170 Gre-

147 1219 200 1249 ce
223 1202 386 1266 jusqu’
416 1220 511 1251 aux
538 1203 773 1268 premiers
800 1203 972 1252 siecles
1000 1203 1059 1250 de
1088 1201 1116 1250 l'
1134 1205 1213 1250 ere
1253 1202 1546 1251 chretienne.
1587 1202 1772 1263 (Paris,
1803 1204 1983 1263 1860.)

288 1296 360 1347 Cf.
390 1298 533 1347 Wac
550 1299 616 1348 hs
633 1317 678 1346 m
696 1299 831 1348 uth:
860 1299 952 1347 Jus
966 1300 1188 1362 gentium
1215 1298 1356 1362 quale
1385 1298 1653 1346 obtinuerit
1680 1299 1813 1363 apud
1832 1298 1983 1348 Grae-

146 1399 228 1430 cos
255 1390 367 1431 ante
391 1382 633 1433 bellorum
660 1401 770 1432 cum
797 1384 959 1432 Persis
986 1391 1238 1446 gestorum
1265 1383 1468 1431 initium.
1512 1382 1698 1442 (Kiliae
1729 1381 1906 1442 1822.)

287 1478 688 1543 Barbeyrac:
729 1478 942 1528 Histoire
984 1479 1070 1527 des
1109 1479 1309 1527 anciens
1347 1479 1542 1535 traites,
1586 1495 1647 1524 ou
1675 1477 1873 1525 Recueil
1913 1477 1982 1525 hi-

145 1561 359 1625 storique
400 1570 446 1609 et
485 1560 869 1626 chronologique
910 1562 994 1611 des
1032 1562 1198 1609 traites
1236 1560 1484 1626 repandus
1524 1558 1645 1608 dans
1684 1560 1753 1608 les
1789 1567 1984 1609 auteurs

146 1659 288 1704 grecs
307 1644 364 1691 ‘et
390 1643 535 1691 latins
564 1652 609 1691 et
637 1652 801 1692 autres
826 1652 1138 1692 monuments
1167 1645 1225 1691 de
1254 1644 1280 1690 l’
1297 1644 1533 1706 antiquite
1551 1643 1725 1708 depuis
1742 1643 1811 1691 les
1828 1651 1985 1708 temps

143 1727 211 1774 les
238 1727 349 1791 plus
377 1727 576 1774 recules.
620 1726 973 1788 (Amsterdam³
1004 1727 1183 1786 1739.)

907 1866 1005 1918 Ad
1032 1866 1220 1918 1304.

288 1977 362 2025 De
415 1978 619 2025 coloniis
666 1976 965 2027 Graecorum
1018 1979 1216 2026 consule
1271 1977 1570 2025 celeberrimi
1622 1976 1855 2025 Raoul-
1874 1976 1980 2025 Ro-

146 2059 363 2107 ehette
398 2060 605 2108 librum:
646 2062 859 2110 Histoire
888 2063 1091 2125 critique
1119 2062 1176 2109 de
1207 2063 1232 2108 l'
1262 2061 1629 2109 etablissement
1658 2060 1740 2109 des
1769 2060 1982 2110 colonies

143 2158 394 2207 grecques.
439 2144 666 2203 [Parisiis
696 2144 872 2202 1815.)

915 2247 1014 2300 Ad
1040 2249 1214 2300 1312.

286 2355 362 2406 Cf.
393 2357 701 2406 Eustathium
729 2358 790 2406 ad
816 2358 951 2406 Iliad.
982 2359 1042 2416 Il,
1073 2360 1186 2406 662.

916 2498 1015 2551 Ad
1041 2498 1215 2550 1315.

287 2607 484 2657 Bekker
512 2608 694 2657 Anecd.
735 2628 805 2673 gr.
836 2611 869 2658 1.
906 2629 951 2674 p.
986 2611 1073 2657 15:
1106 2605 1252 2654 Ἀνε
1274 2606 1502 2670 ψιαδῆ·
1543 2603 1727 2670 ὅμοιόν
1768 2611 1865 2654 ἐστι
1909 2607 1979 2670 τῷ

145 2686 387 2750 ἀδελφιδῇ
408 2727 419 2745 ,
447 2686 672 2752 ἀνεψιοῦ
698 2694 787 2737 καὶ
817 2688 1043 2751 ἀδελφοῦ
1078 2689 1316 2756 θυγάτηρ.
1360 2688 1677 2753 (Ἀνεψῑαδῆ
1709 2693 1879 2741 eadem
1907 2701 1980 2740 est

145 2791 251 2821 cum
280 2770 554 2831 ἀδελφιδῆ,
596 2792 770 2839 nempe
798 2776 957 2823 fratris
987 2776 1222 2840 patruelis
1251 2783 1298 2823 et
1326 2776 1488 2824 fratris
1518 2776 1658 2833 filia.)

285 2856 551 2904 Herodiani
594 2859 905 2922 partitiones,
947 2860 1019 2906 ed.
1060 2859 1363 2906 Boissonade
1404 2878 1448 2922 p.
1488 2859 1615 2906 285:
1663 2855 1977 2920 ἀνεψιαδοῦς

145 2934 303 2999 ὥσπερ
343 2935 650 2998 ἁδελφιόυῦς
689 2934 716 2985 ὁ
759 2939 851 2986 τοῦ
893 2936 1112 3003 ἀνεψιοῦ
1156 2938 1287 2994 υἱός·
1340 2946 1429 2986 καί
1475 2937 1724 3002 ἀνεψιαδῆ
1766 2935 1976 3004 ὁμοίως·

145 3025 400 3085 ἐξανέψιοι
433 3022 479 3068 δὲ
511 3025 553 3067 οἱ
586 3021 684 3068 τῶν
725 3019 1021 3085 ἀνεψιαδῶν
1065 3021 1259 3077 παῖδες,
1303 3019 1392 3076 οὖς
1421 3021 1519 3069 1νῦν
1547 3025 1758 3088 λέγομεν
1786 3022 1975 3083 διςεξα-

144 3103 372 3165 δέλφους.
417 3102 795 3166 (”Ανεψιαὸ“οὗς
823 3108 960 3154 sicuti
997 3103 1302 3164 ἀδελφιδοῦς
1342 3114 1414 3153 est
1441 3107 1601 3155 fratris
1629 3107 1711 3156 filii
1740 3110 1892 3167 filius,
1932 3116 1977 3156 et

145 3185 394 3250 ἀνεψιαδῆ
436 3189 575 3235 simili
616 3189 776 3236 modo.
835 3185 1124 3249 Ἐξανὲψιοι
1177 3198 1340 3237 autem
1381 3198 1488 3236 sunt
1529 3185 1824 3252 ἀνεψιαδῶν
1864 3192 1975 3249 filii,

145 3289 264 3335 quos
290 3288 419 3320 nunc
448 3267 826 3329 ὸίςεξαδὲλφους
854 3272 1099 3330 dicimus.)

287 3355 561 3405 Ammon.
603 3355 660 3404 de
701 3355 798 3402 diff.
833 3371 937 3402 voc.
977 3372 1023 3419 p.
1056 3355 1135 3403 17.
1176 3355 1440 3406 Valcken.:
1474 3351 1712 3420 Ἀνεψιοὶ
1743 3359 1834 3403 καὶ
1859 3359 1978 3416 ἐξα-

1612 3435 1697 3477 38*
