2114 3642
160 178 260 225 472
551 190 956 225 COMMENTARIUS
984 190 1051 219 An
1080 187 1160 219 392.
1190 186 1271 219 397.
1300 186 1381 220 400.
1412 187 1491 220 403.
1522 188 1603 219 404.

161 338 308 385 quam
334 328 477 369 sorte.
536 319 670 368 Idem
714 316 842 363 valet
883 314 1027 363 etiam
1068 314 1126 362 de
1168 314 1393 363 ordinum
1434 315 1665 375 ducibus,
1706 316 1787 379 qui
1815 314 1863 362 id
1892 314 1993 361 fue-

159 411 268 452 rant
292 405 421 453 inter
446 402 661 469 pedites,
702 398 833 462 quod
861 397 1043 445 tribuni
1071 398 1196 445 inter
1223 399 1423 463 equites.

303 487 533 536 Ceterum
561 482 663 530 veri
691 480 847 528 simile
884 487 956 528 est
993 481 1308 544 praevalente
1349 480 1648 529 democratia
1681 481 1828 529 etiam
1856 479 1995 544 phyl-

160 569 332 618 archos
360 578 407 616 et
433 564 709 614 taxiarches
736 572 865 611 sorte
896 570 1087 612 creatos
1114 563 1276 612 fuisse.

303 650 427 698 Vide
454 665 614 696 meam
641 645 1036 694 dissertationem
1063 646 1111 693 in
1147 646 1186 694 P
1202 646 1232 695 h
1247 647 1261 694 i
1277 647 1292 694 l
1308 665 1335 694 o
1351 646 1365 694 1
1382 665 1408 694 o
1424 665 1457 710 g
1474 666 1501 695 0
1543 645 1586 694 G
1605 646 1727 694 otti
1746 664 1775 693 n
1793 665 1825 709 g
1845 663 1868 693 e
1887 663 1916 692 n
1933 645 1996 692 si.

161 735 302 782 Toni.
332 732 439 780 XV.
471 747 512 793 p.
545 729 838 776 7287-734.

302 813 557 862 Tarentini
608 813 985 876 magistratuum
1037 813 1255 860 omnium
1294 813 1390 861 duo
1430 830 1614 875 genera
1652 813 1901 867 fecerunt,
1951 817 2002 857 ut

161 899 242 947 alii
269 896 525 958 suffragio,
554 896 633 944 alii
662 895 916 943 sortitione
944 895 1322 944 mandarentur:
1364 896 1646 954 sortitione,
1677 904 1725 942 ut
1752 894 1894 960 plebs
1921 911 2000 940 eo-

162 998 267 1029 rum
296 989 423 1027 esset
450 979 724 1042 particeps:
766 979 1028 1041 suffragio,
1068 996 1162 1041 quo
1197 979 1367 1026 melius
1396 979 1669 1043 respublica
1695 978 2000 1026 administra-

163 1072 310 1111 retur.
353 1060 725 1120 (Aristotel.
762 1060 901 1109 Poli
920 1069 950 1108 t.
983 1060 1065 1121 VI,
1095 1061 1140 1119 3,
1172 1063 1243 1120 5.)

943 1200 1042 1253 Ad
1072 1201 1225 1254 392.

305 1312 525 1362 Aristo
544 1313 645 1361 tel.
675 1312 867 1360 Polit.
898 1311 1008 1371 VH,
1038 1312 1084 1370 8,
1115 1311 1172 1358 6:
1214 1311 1377 1371 Quum
1413 1310 1530 1360 deos
1558 1311 1857 1360 immortales
1885 1327 1913 1358 a
1941 1310 2003 1357 ci-

164 1396 308 1444 vibus
336 1395 428 1444 coli
458 1395 653 1455 deceat,
683 1395 799 1443 satis
827 1395 1145 1457 intelligitur,
1175 1411 1266 1442 nec
1294 1393 1564 1457 agricolam
1593 1412 1751 1459 neque
1779 1394 2008 1460 opificem

165 1475 481 1542 (βάναυσον)
508 1478 815 1527 sacerdotem
843 1495 947 1527 esse
975 1477 1387 1526 constituendum.

944 1617 1043 1669 Ad
1077 1617 1230 1670 397.

308 1729 418 1776 Hoc
445 1726 821 1790 intelligendum
856 1727 915 1775 de
954 1727 1202 1775 sacrificiis
1242 1728 1576 1792 privatorum,
1618 1729 1695 1776 vel
1724 1728 1782 1777 de
1811 1729 2006 1776 minori-

167 1815 257 1861 bus
285 1811 494 1860 civitatis
523 1810 796 1871 sacrificiis,
835 1829 949 1858 nam
990 1811 1218 1876 reliquiae
1265 1811 1573 1860 victimarum
1611 1812 1660 1859 in
1701 1812 1893 1875 magnis
1920 1812 2010 1859 rei-

168 1894 395 1960 publicae
424 1894 560 1942 festis
590 1893 962 1947 vendebantur,
1003 1894 1313 1958 pretiumque
1345 1912 1510 1942 carum
1538 1895 1586 1942 in
1614 1894 1895 1943 thesaurum
1924 1912 2011 1960 pu-

168 1976 346 2026 blicum
374 1976 714 2025 invehebatur.
769 1976 921 2035 (Vide
951 1974 1026 2041 ξς.
1055 1977 1172 2034 893,
1203 1977 1348 2037 894.)

316 2059 605 2109 Artemidor.
635 2059 892 2108 Ouirocrit.
922 2060 1010 2120 III,
1040 2061 1097 2107 3:
1137 2056 1223 2113 τάς
1251 2057 1352 2105 τῶν
1382 2057 1517 2106 θεῶν
1546 2055 1779 2121 ἀπαρχάς
1806 2056 1862 2106 τὸ
1893 2059 2014 2113 ἔθος

171 2144 411 2205 ἐπιτρέπει
441 2139 614 2195 αὐτοῖς
643 2139 883 2203 (ἱερεῦσι)
912 2139 1223 2204 λαμβάνειν,
1264 2145 1354 2189 καὶ
1392 2140 1580 2206 τρόπον
1606 2140 1720 2190 τινὰ
1749 2140 1848 2190 ἀπὸ
1880 2141 2015 2190 θεῶν

173 2228 457 2289 τρέφονται.
513 2227 678 2286 (More
708 2243 996 2274 concessum
1025 2236 1117 2286 est,
1152 2234 1205 2275 ut
1231 2228 1513 2277 sacerdotes
1541 2229 1788 2293 accipiant
1814 2227 2014 2276 deorum

173 2311 440 2376 primitias,
483 2309 724 2373 modoque
754 2309 965 2375 quodam
992 2328 1020 2357 a
1047 2309 1137 2358 diis
1166 2310 1404 2370 aluntur.)

959 2449 1058 2501 Ad
1082 2451 1236 2502 400.

320 2561 394 2609 Cf.
433 2559 595 2609 Schol.
639 2560 688 2607 in
732 2559 1046 2624 Aristophan.
1090 2558 1300 2609 Acliarn.
1331 2562 1447 2610 242.
1501 2561 1664 2610 Schol.
1694 2562 1742 2609 in
1770 2561 2017 2609 Theocrit.

179 2643 302 2708 idyl.
331 2645 393 2704 11,
424 2644 503 2691 66.

961 2710 1059 2763 Ad
1084 2712 1239 2764 403.

325 2821 530 2869 Habron
560 2821 686 2868 filius
715 2821 928 2885 Lycurgi
956 2822 1164 2869 oratoris
1193 2823 1431 2870 natalium
1464 2824 1578 2887 jure
1618 2824 1827 2888 adeptus
1862 2841 2017 2871 sacer-

184 2904 370 2952 dotium
408 2900 609 2964 (λαχών
647 2907 706 2950 ἐκ
747 2902 836 2950 τοῦ
880 2905 1055 2969 γένους
1096 2900 1188 2960 τὴν
1227 2902 1557 2969 ἱερωσύνην),
1598 2907 1647 2955 id
1687 2907 1823 2955 fratri
1863 2907 2017 2971 Lyco-

185 2985 361 3050 phroni
389 2988 641 3036 concessit.
683 2989 1037 3047 (Plutarch.
1066 2989 1127 3036 X.
1157 2997 1276 3038 orat.
1306 2991 1388 3038 vit.
1418 2990 1525 3039 VII.
1557 2990 1767 3055 Lycurg.
1797 2991 1906 3050 39.)

963 3130 1062 3182 Ad
1086 3130 1240 3182 404.

328 3234 607 3284 Secundum
636 3240 1077 3305 Harpocrationem
1106 3240 1445 3290 Eteobutadae
1474 3250 1732 3298 vocantur,
1761 3242 1842 3306 qui
1870 3260 1899 3290 v
1917 3259 2019 3291 ere

186 3335 214 3365 a
240 3319 366 3367 Buta
394 3319 585 3366 oriundi
616 3333 754 3372 sunt:
794 3341 906 3372 nam
934 3321 1076 3371 e'veo'v
1103 3324 1346 3388 significat
1384 3342 1451 3373 ve
1470 3342 1545 3372 re.
