2161 3673
215 259 280 307 94
934 270 1014 301 ms
1043 266 1321 301 PUBLICUM.

211 401 416 461 secabo,
457 399 544 449 sed
585 398 831 462 magistris
858 398 959 456 ejus
987 391 1103 441 artis
1129 392 1300 456 peritis
1326 392 1376 441 id
1401 395 1618 443 muneris
1646 392 1928 443 concedam.
1980 395 2040 442 In

210 500 548 549 quamcunque
577 488 739 530 autem
766 479 963 526 domum
988 476 1240 537 ingressus
1266 474 1405 524 fuero
1421 512 1434 531 ,
1474 477 1537 526 ad
1570 476 1940 540 aegrotantium
1966 493 2041 524 sa-

208 566 361 615 lutem
385 564 656 628 ingrediar,
690 577 886 609 omnem
923 558 1125 623 injuriae
1158 558 1444 608 inferendae
1473 568 1520 609 et
1547 560 1853 625 corruptelae
1881 558 2039 623 suspi-

210 649 402 697 cionem
434 647 605 713 procul
631 644 850 707 fugienS,
891 649 996 689 tum
1021 641 1102 688 vel
1126 642 1338 691 maxime
1365 660 1527 691 rerum
1552 659 1875 692 venerearum
1903 640 2041 706 cupi-

210 731 413 779 ditatem
459 746 574 792 erga
613 726 841 773 mulieres
876 724 1024 788 juxta
1063 740 1120 771 ac
1158 724 1290 773 viros
1324 733 1429 773 tum
1453 726 1694 790 ingenuos
1721 733 1828 773 tum
1852 741 2038 773 servos.

210 814 346 873 Quae
372 830 489 861 vero
516 811 641 858 inter
668 806 963 865 curandum,
1004 814 1087 854 aut
1125 807 1273 855 etiam
1305 808 1601 857 medicinam
1627 808 1827 856 minime
1854 806 2040 856 faciens

208 897 258 944 in
287 893 530 944 communi
569 890 825 938 hominum
863 889 965 937 vita
1003 889 1083 937 vel
1115 889 1286 939 videro
1315 892 1395 939 vel
1421 892 1648 950 audiero,
1690 907 1814 956 quae
1842 889 2041 938 minime

207 979 256 1026 in
282 979 456 1040 vulgus
483 974 644 1024 efferri
672 978 923 1038 oporteat,
952 988 1010 1020 ea
1035 988 1216 1021 arcana
1242 990 1348 1022 esse
1375 981 1509 1023 ratus
1536 975 1703 1024 sileb0.
1755 973 1867 1022 Hoc
1891 972 2040 1037 igitur

199 1059 543 1126 jusjurandum
568 1058 607 1105 si
635 1056 861 1120 religiose
889 1056 1218 1105 observavero
1233 1073 1288 1105 ac
1303 1057 1500 1105 minime
1516 1058 1705 1105 irritum
1731 1055 2041 1116 fecero,mihi

209 1144 351 1191 liceat
377 1159 488 1190 cum
513 1156 704 1190 summa
729 1137 860 1204 apud
886 1155 1053 1186 omnes
1088 1139 1447 1189 existimatione
1488 1148 1728 1205 perpetuo
1756 1140 1911 1187 vitam
1935 1139 2040 1188 feli-

207 1243 309 1275 cem
336 1225 513 1289 degere
542 1231 590 1272 et
616 1222 732 1272 artis
765 1222 1064 1271 uberrimum
1103 1222 1318 1271 fructum
1358 1223 1627 1289 percipere.
1679 1222 1824 1284 Quod
1852 1223 1891 1270 si
1917 1221 2038 1271 illud

207 1308 459 1357 violavero
489 1314 536 1356 et
561 1307 850 1372 pejeravero
879 1306 1129 1355 contraria
1155 1306 1271 1355 mihi
1299 1307 1602 1371 contingant.

974 1457 1157 1522 Τμῆμα
1196 1458 1284 1508 ια’.

847 1552 1151 1617 Ἀρχῶν
1213 1552 1434 1612 εἴδη.-

981 1723 1143 1772 Sectio
1183 1723 1262 1771 11.

712 1818 1223 1882 Magistratuum
1271 1834 1527 1881 genera.

1065 1925 1181 1974 381.

334 2005 478 2056 Ἴῑστι
504 2008 606 2056 τῶν
633 2011 740 2071 περὶ
767 2006 855 2064 τὰς
890 2005 1050 2070 ἀρχάς
1089 2005 1195 2066 εἴδη
1234 2010 1373 2071 τρία,
1415 1999 1490 2054 ὧν
1516 2008 1572 2055 ἓν
1591 2011 1689 2071 μὲν
1717 2009 1763 2056 οἱ
1789 2010 2037 2071 κληρωτοὶ

207 2097 294 2141 καὶ
325 2094 369 2140 οὶ
390 2095 742 2155 χειροτονητοὶ
782 2086 1054 2154 ἄρχοντες,
1096 2089 1334 2154 δεύτερον
1374 2089 1423 2140 δὲ
1465 2088 1576 2139 ὅσοι
1601 2112 1645 2139 τι
1675 2090 2036 2155 διαχειρίζουσι

212 2176 306 2224 τῶν
331 2175 413 2234 τῆς
440 2174 625 2230 πόλεως
664 2169 786 2237 ὑπὲρ
824 2172 1104 2237 τριάκοντα
1145 2168 1322 2237 ἡμέρας
1348 2177 1439 2221 καὶ
1469 2175 1517 2222 οἱ
1543 2174 1646 2222 τῶν
1673 2174 1929 2237 δημοσίων
1955 2177 2037 2239 ἴρ-

206 2280 309 2327 γων
348 2258 630 2308 ἐπιστάται·
677 2261 850 2322 τρίτον
889 2257 937 2306 δὲ
977 2262 1069 2306 καὶ
1107 2258 1158 2306 εἴ
1188 2277 1317 2313 τινες
1357 2253 1501 2306 ἄλλοι
1544 2260 1729 2321 αἱρετοὶ
1770 2252 2038 2325 ἡγεμονίας

208 2344 542 2405 δικαστηρίων
568 2342 901 2406 λαμβάνουσι.
998 2343 1254 2405 (Aeschin.
1281 2343 1332 2392 in
1362 2343 1668 2408 Ctesiphont.
1696 2341 1738 2409 ξ.
1768 2346 1893 2404 29.).

1061 2439 1178 2487 381.

346 2513 467 2561 Tria
492 2520 605 2560 sunt
631 2512 1003 2575 magistratuum
1028 2527 1240 2574 genera:
1281 2528 1341 2559 ex
1369 2510 1544 2574 quibus
1573 2528 1724 2559 unum.
1750 2519 1824 2559 est
1852 2528 2036 2566 eorum,

209 2595 291 2659 qui
316 2603 445 2644 sorte
479 2603 564 2645 aut
588 2596 757 2661 populi
785 2595 1020 2657 suffragio
1048 2601 1302 2642 creantur:
1328 2594 1562 2653 alterum,
1590 2594 1671 2659 qui
1699 2593 1881 2658 aliquid
1908 2594 2038 2660 quod

209 2678 269 2726 ad
297 2679 544 2728 civitatem
570 2678 786 2744 pertinet
810 2679 939 2727 ultra
963 2677 1168 2742 triginta
1201 2677 1304 2726 dies
1344 2685 1580 2735 tractant,
1621 2678 1798 2742 quique
1827 2677 2038 2744 publicis

209 2761 437 2825 operibus
465 2769 578 2811 sunt
602 2761 862 2828 praefecti:
900 2762 1100 2810 tertium
1127 2769 1315 2820 autem,
1357 2762 1395 2809 si
1430 2762 1511 2826 qui
1538 2761 1618 2810 alii
1647 2760 1822 2810 delecti
1849 2761 1896 2809 in
1926 2761 2036 2811 foro

210 2842 372 2906 aliquo
392 2844 609 2908 judiciali
637 2845 999 2911 praefecturam
1024 2845 1346 2909 susceperint.

1059 2939 1173 2987 382.

349 3009 413 3053 Αἱ
445 3013 793 3071 χειροτονηταὶ
834 3006 860 3068 ἢ
899 3010 1089 3072 αἱρεταὶ
1128 3006 1281 3070 ἀρχαὶ
1329 3010 1599 3074 γίγνονται
1639 3014 1688 3067 εξ
1735 3007 2036 3066 Ἀθηναίων

208 3082 479 3147 ἁπάντων,
534 3088 647 3138 οἷον
685 3094 732 3139 οἱ
771 3095 1065 3159 στρατηγοὶ,
1106 3094 1379 3153 ἵππαρχοι,
1421 3090 1739 3148 ἀποστολεῖς,
1781 3093 2032 3154 πρέσβεις,

209 3171 413 3219 σιτῶναι
431 3210 442 3229 ,
471 3176 753 3235 ἐπιμεληταὶ
782 3175 886 3223 τῶν
906 3176 1222 3238 μυστηρίων,
1250 3175 1498 3237 ἱεροποιοὶ
1524 3174 1625 3222 τῶν
1651 3172 1850 3237 σεμνῶν
1878 3174 2053 3222 θεῶν’

210 3252 336 3313 πλὴν
362 3254 465 3302 τῶν
491 3254 769 3317 φυλάρχων
795 3262 883 3305 καί
911 3256 1210 3320 ταξιάρχων.

349 3338 550 3398 (Pollux
573 3339 708 3398 VIII,
727 3341 807 3388 87.
826 3343 904 3390 94.
934 3341 1168 3390 Boeckhii
1195 3341 1410 3406 inscript.
1438 3341 1597 3390 naval.
1624 3360 1670 3407 p.
1695 3341 1811 3401 466,
1831 3343 1908 3390 28.
1936 3343 2031 3391 De-

348 3410 521 3458 mosth.
539 3428 626 3475 pro
643 3409 752 3459 Cor.
770 3412 884 3460 234.
903 3413 1017 3461 310.
1035 3412 1234 3461 Midian.
1252 3413 1367 3460 552.
1391 3413 1684 3477 Harpocrat.
1699 3414 2029 3475 ἐπιμεληταὶ).
