2114 3642
144 215 245 262 422
635 223 1040 260 COMMENTARIUS
1073 222 1138 255 §.n
1168 219 1224 254 29.
1253 219 1311 255 30.
1340 215 1397 254 32.
1427 219 1483 254 36.

142 358 326 419 solum,
368 374 537 405 verum
574 355 685 402 dote
728 352 877 399 etiam
914 350 1194 399 tenuiorum
1235 349 1428 399 filiabus
1468 348 1769 398 conserenda
1795 357 1842 398 et
1869 366 1979 398 aere

143 442 304 491 alieno
347 438 608 495 solvendo,
652 435 941 498 obsequiose
981 434 1424 500 prosequebantur.
1477 432 1768 481 Testimonii
1808 433 1977 481 adver-

143 543 224 574 sus
252 530 514 590 patronum
541 519 727 580 clienti,
756 518 836 567 vel
862 525 1074 584 patrono
1103 517 1340 567 adversus
1368 515 1598 565 clientem
1624 516 1820 566 dicendi
1845 516 1981 565 nulla

142 607 292 670 legis,
336 605 472 653 nulla
509 602 824 665 magistratus
864 601 1053 650 coactio
1088 609 1204 650 erat.
1256 601 1438 650 Postea
1463 606 1628 648 tamen
1655 601 1693 649 si
1720 600 1981 667 pecuniam

143 690 449 756 accepissent
474 685 670 751 patroni
697 702 726 734 a
752 684 1039 747 clientibus,
1078 685 1127 734 id
1171 692 1315 753 turpe
1355 683 1526 736 haberi
1564 685 1725 752 coepit
1752 690 1800 733 et
1825 683 1978 734 sordi-

144 773 273 824 dum.
327 767 688 832 (Plutarch.
716 768 958 820 Romul.
990 769 1098 828 13.)

940 909 1040 963 Ad
1080 911 1184 964 29.

285 1022 460 1072 Suidas
488 1041 522 1071 s.
552 1041 596 1070 v.
618 1020 919 1083 μετοίκιονε
960 1020 1148 1070 Comici
1174 1021 1443 1086 inquilinos
1470 1022 1717 1071 vocabant
1742 1020 1982 1087 scaphife-

145 1126 252 1168 ros,
293 1107 424 1174 quod
450 1106 499 1155 in
527 1105 721 1173 pompis
749 1105 958 1172 scaphas
986 1104 1111 1154 ferre
1139 1104 1367 1153 solerent.

944 1256 1044 1310 Ad
1081 1257 1184 1310 30.

281 1367 567 1433 Xenophon
610 1367 729 1415 dicit
767 1367 853 1428 (de
893 1367 1132 1430 vectig.
1174 1367 1237 1429 II,
1268 1368 1351 1427 5):
1393 1367 1565 1432 quodsi
1592 1385 1703 1416 cum
1729 1367 1981 1433 inquilinis

138 1453 550 1502 communicemus
577 1459 775 1518 praeter
799 1451 918 1513 alia,
948 1468 1072 1516 quae
1100 1458 1229 1500 recte
1259 1452 1712 1512 communicantur,
1741 1452 1887 1501 etiam
1912 1453 1982 1500 rei

139 1535 377 1600 equestris
404 1553 571 1584 usum:
612 1536 821 1602 arbitror
847 1554 936 1584 nos
962 1536 1011 1584 id
1041 1536 1316 1596 effecturos,
1348 1543 1401 1583 ut
1426 1535 1583 1600 magis
1611 1536 1858 1585 benevolo
1885 1535 1984 1584 sint

139 1620 330 1681 animO,
359 1627 408 1668 et
433 1620 605 1669 civitas
633 1620 818 1668 viribus
846 1627 1086 1684 augeatur
1112 1619 1368 1683 majorque
1397 1618 1643 1668 reddatur.

280 1716 411 1764 Hinc
451 1715 725 1780 colligitur,
780 1722 940 1765 aetate
987 1714 1335 1781 Xenophontis
1386 1715 1653 1780 inquilinos
1693 1733 1793 1764 non
1833 1716 1979 1766 fuisse

139 1800 404 1868 participes
430 1799 499 1850 rei
527 1798 780 1864 equestris.

280 1991 612 2057 Harpocratio
640 2009 675 2039 s.
693 2009 737 2039 v.
768 1986 992 2051 ἰσοτελῂς
1020 1991 1109 2036 καὶ
1140 1990 1410 2037 ἰσοτέλειαε
1441 1990 1534 2040 Hic
1562 1998 1665 2039 erat
1691 1992 1850 2041 honor
1875 1994 1978 2058 qui-

140 2076 278 2137 dam,
321 2093 416 2140 quo
444 2074 717 2140 inquilinis,
758 2075 840 2139 qui
881 2075 1017 2138 digni
1053 2091 1158 2123 esse
1193 2074 1502 2135 viderentur,
1544 2075 1808 2136 tributum,
1849 2077 1979 2141 quod

138 2159 356 2225 pendere
391 2158 716 2219 tenebantur,
759 2159 1102 2207 remitteretur.
1160 2158 1371 2208 Eosdem
1397 2166 1559 2208 autem
1586 2160 1760 2208 ceteris
1788 2178 1979 2225 quoque

141 2242 402 2303 oneribus,
432 2259 556 2307 quae
585 2242 810 2306 inquilini
837 2243 1184 2308 praestabant,
1219 2243 1462 2291 immunes
1490 2243 1665 2303 fuisse,
1696 2243 1981 2309 Theophra-

140 2332 242 2375 stus
269 2325 390 2374 dixit
415 2326 542 2374 libro
570 2325 629 2374 de
657 2325 851 2388 legibus
881 2326 1154 2375 undecimo,
1207 2326 1346 2375 [dem
1386 2326 1593 2389 integris
1633 2344 1827 2391 quoque
1865 2327 1981 2375 civi-

141 2409 323 2458 tatibus
351 2409 597 2458 interdum
623 2409 982 2458 immunitatem
999 2409 1326 2459 Athenienses
1355 2408 1631 2460 decrevisse
1659 2411 1738 2472 ait,
1754 2417 1808 2459 ut
1822 2410 1978 2476 Olyn-

142 2492 254 2541 thiis
282 2500 330 2541 et
356 2492 624 2541 Thebanis.

287 2586 461 2636 Suidas
502 2606 539 2636 s.
567 2606 611 2636 v.
655 2587 919 2641 ι’σοτελεῖςε
975 2589 1070 2648 Qui
1110 2589 1249 2654 paria
1289 2605 1399 2637 cum
1440 2589 1629 2639 civibus
1671 2589 1856 2639 tributa
1892 2590 1982 2640 rei-

143 2669 362 2734 publicae
390 2671 628 2737 pendunt.

941 2751 1039 2804 Ad
1078 2753 1184 2805 36.

286 2862 521 2912 Pollux
563 2864 673 2924 VII,
719 2863 808 2911 15:
852 2865 906 2912 In
941 2861 1109 2911 Atticis
1147 2864 1367 2911 Decretis
1407 2865 1628 2913 invenire
1669 2865 1810 2914 licet:
1850 2862 1979 2912 dvm

146 2940 287 3006 αὐτῷ
323 2946 523 2992 οΐκδίαιι
563 2940 750 3003 (ὄνησιν
790 2949 922 3006 (esse
952 2947 994 2994 ei
1023 2947 1325 3011 emptionem
1366 2947 1726 3007 domesticam).
1781 2949 1878 2998 Sed
1906 2968 1978 2999 se-

147 3027 360 3076 cundum
400 3031 794 3079 emendationem
821 3030 992 3078 Meieri
1033 3030 1304 3091 (Demen
1345 3048 1466 3079 von
1507 3030 1740 3080 Attica.
1782 3051 1828 3097 p.
1858 3034 1978 3093 42):

146 3107 271 3158 elme
304 3105 444 3172 αὐτῷ
471 3113 664 3165 nemias·
692 3112 930 3177 ἔγκτησιν
958 3115 1088 3173 (esse
1118 3113 1159 3159 ei
1181 3113 1262 3176 jus
1291 3113 1463 3162 domus
1491 3113 1859 3179 possidendae).

287 3207 609 3255 Demosth.
646 3209 716 3256 de
746 3208 1003 3257 Corona
1029 3227 1074 3273 p.
1105 3208 1220 3267 256,
1253 3210 1309 3257 6:
1350 3210 1544 3274 placere
1574 3210 1759 3274 populo
1786 3210 1975 3276 Byzan-

146 3291 324 3339 tiorum
351 3295 399 3338 et
426 3289 809 3352 Perinthiorum,
850 3298 902 3339 ut
929 3290 1316 3340 Atheniensibus
1357 3292 1498 3341 detur
1528 3293 1611 3356 jus
1651 3310 1882 3356 agrorum
1922 3311 1978 3343 ac

146 3372 379 3426 domuum
405 3372 813 3441 possidendarum
840 3375 1115 3440 (ἔγκτασιν
1142 3373 1232 3441 γᾶς
1259 3377 1347 3422 καὶ
1377 3372 1597 3434 οἰκιᾶν).
