2114 3642
676 237 1081 272 COMMENTARIUS
1109 241 1177 272 AD
1206 240 1287 276 310.
1315 242 1394 277 312.
1838 234 1937 283 463

103 366 231 415 εἰσιν
256 372 310 417 ἐν
337 368 408 435 τῷ
438 372 697 431 Πειραιεῖ,
739 367 880 412 πέντε
921 362 968 414 δὲ
1009 370 1064 414 ἐν
1103 363 1254 417 ἄστει.
1313 373 1555 432 (Numero
1582 373 1775 436 decem,
1817 394 1934 440 quo-

102 470 207 500 rum
234 456 448 520 quinque
476 455 525 503 in
556 454 786 511 PiraeeO,
829 451 1041 515 quinque
1072 453 1123 501 in
1148 455 1310 515 urbe.)

241 549 492 597 Bo'ckhius
532 545 772 608 (Staatsh.
803 546 838 594 I.
867 564 914 610 p.
943 546 1036 606 70)
1078 549 1277 613 conjicit
1316 551 1629 602 scribendum
1669 571 1773 603 esse
1803 555 1934 620 apud

98 629 570 696 Harpocrationem:
610 629 678 682 εἰς
698 628 795 690 μὲν
822 624 915 674 τὸν
943 627 1163 691 Πειραιοῖ
1189 631 1358 688 πέντε,
1389 630 1511 680 δέκα
1539 632 1582 680 δ’
1611 637 1680 690 εἰς
1707 631 1847 686 ἄστυ.

876 767 974 821 Ad
1017 771 1156 823 310.

236 881 409 948 Harp
427 882 684 931 ocratio
725 899 761 929 s.
791 900 834 929 v.
876 877 1252 943 Προμετρητήςε
1292 883 1569 934 Dinarchus
1604 896 1775 938 contra
1802 889 1930 955 Aga-

93 964 286 1013 siclem:
329 964 575 1030 „Scythae
604 966 960 1015 antemcnsoris
991 966 1117 1013 filius
1145 965 1194 1012 in
1222 983 1479 1015 numerum
1509 970 1689 1020 civium
1716 990 1928 1038 pagano-

92 1064 198 1095 rum
225 1050 307 1108 (ἐν
334 1045 594 1110 δημόταις)
624 1057 697 1098 est
723 1049 902 1098 relatus
931 1056 978 1096 et
1004 1049 1107 1113 ipse
1137 1048 1187 1096 in
1215 1048 1319 1097 foro
1346 1055 1703 1102 antemensoris
1730 1073 1931 1105 munere

90 1129 340 1197 hucusque
370 1133 567 1182 functus
595 1133 714 1182 est.“

234 1226 466 1276 Suidas
505 1246 541 1275 s.
583 1246 627 1276 v.
674 1222 1055 1290 Προμετρητὴςε
1095 1225 1175 1275 Sic
1215 1226 1495 1291 dicebatur,
1538 1232 1619 1295 qui
1659 1233 1928 1296 frumenta,

91 1326 214 1372 quae
242 1311 291 1358 in
314 1311 420 1360 foro
448 1309 821 1371 vendebantur,
862 1317 909 1358 et
946 1309 1150 1374 quaevis
1189 1310 1284 1358 alia
1309 1312 1496 1361 semina
1527 1316 1751 1364 mercede
1781 1317 1928 1366 dime-

89 1391 314 1441 tiebatur.

230 1488 307 1538 Ab
332 1496 671 1538 antemensorc
702 1490 783 1538 vix
811 1489 903 1538 fuit
930 1489 1152 1538 diversus
1182 1489 1417 1539 frumenti
1446 1509 1666 1556 mensor,
1707 1512 1927 1557 πυρομε-

87 1568 284 1634 τρητής,
327 1573 385 1621 de
413 1591 507 1638 quo
535 1574 658 1622 haec
685 1573 836 1622 habet
862 1573 1218 1638 Harpocratio:
1260 1566 1286 1619 ὁ
1326 1570 1448 1628 τούς
1487 1580 1927 1641 πιπρασκομένονς

87 1651 278 1718 πυρούς
304 1658 359 1703 ἐν
384 1654 446 1718 τῇ
472 1652 633 1722 ἀγορᾷ
673 1658 765 1702 καὶ
806 1654 908 1703 τῶν
949 1650 1120 1703 ἄλλων
1160 1654 1456 1719 σπερμάτων
1493 1663 1711 1708 ἕκαστον
1750 1659 1926 1725 διαμε-

84 1737 244 1801 τρῶν,
284 1741 373 1786 καὶ
414 1732 442 1787 ὁ
482 1736 671 1788 τούτου
707 1739 800 1788 τοῦ
843 1739 995 1806 ἔργου
1022 1737 1223 1803 μισθὸν
1248 1739 1544 1805 λαμβάνων.
1597 1746 1783 1795 Eadem
1810 1747 1927 1795 dicit

86 1826 262 1875 Suidas
290 1826 348 1876 de
383 1834 865 1877 antemensore

226 1921 484 1970 Mensurae
524 1922 888 1988 praefectorum
921 1921 1082 1971 socius
1123 1922 1203 1970 vel
1243 1922 1463 1971 minister
1490 1923 1633 1972 fuerit
1660 1924 1805 1973 etiam
1833 1921 1922 1970 δο-

84 2001 344 2066 κιμαστὴς,
374 2003 431 2053 (16
461 2023 558 2069 quo
586 2005 703 2054 Lex.
734 2004 937 2068 Seguer.
967 2005 1096 2069 apud
1126 2003 1336 2053 Bekker.
1366 2005 1552 2055 Anecd.
1580 2024 1650 2070 gr.
1669 2008 1704 2055 Ι.
1733 2027 1779 2073 p.
1798 2009 1920 2057 238:

84 2080 110 2133 ὁ
140 2084 366 2147 δικάζων
391 2091 480 2135 καὶ
508 2085 645 2144 ἱστὰς
671 2085 764 2135 τὸν
791 2084 1029 2150 σταθμὸν
1069 2091 1159 2135 καὶ
1201 2085 1258 2135 τὸ
1280 2091 1471 2151 μέτρον
1498 2088 1598 2137 τῶν
1637 2086 1835 2147 ὠνίων,
1877 2094 1924 2139 εἰ

83 2170 184 2218 ἔστι
207 2170 342 2219 καλοὶ
370 2175 461 2220 καὶ
489 2172 704 2236 Ξζιιμετρα
732 2174 822 2219 καὶ
851 2168 1245 2239 ἀκακούργητα,
1287 2175 1368 2238 qui
1408 2173 1626 2239 pondera
1654 2183 1700 2223 et
1726 2193 1918 2225 mensu-

81 2273 158 2305 ras
185 2257 517 2323 investigavit.

864 2337 962 2390 Ad
1001 2338 1140 2391 312.

220 2448 516 2497 Differentia
556 2465 938 2513 agronomorum
977 2466 1006 2497 a
1045 2447 1434 2515 sitophylacibus
1475 2448 1634 2497 elucet
1672 2467 1696 2498 e
1738 2451 1915 2516 Lysiae

79 2531 299 2580 oratione
327 2531 561 2580 adversus
588 2532 933 2581 frumentarios
961 2533 1038 2598 (p.
1068 2533 1185 2593 722,
1216 2529 1408 2597 §.16):
1448 2533 1526 2578 ἐπὶ
1560 2532 1657 2593 μὲν
1694 2541 1798 2590 τοῖς
1824 2529 1915 2582 ἄλ-

78 2617 182 2670 λοις
210 2611 380 2670 ὠνίοις
421 2612 575 2662 ἅπασι
615 2613 736 2672 τούς
775 2613 1130 2683 ἀγορανόμους
1170 2614 1408 2676 φύλακας
1434 2614 1795 2675 κατεστήσατε,
1835 2622 1913 2666 ἐπὶ

78 2696 126 2745 δὲ
163 2697 320 2760 ταύτῃ
353 2695 490 2761 μόνῃ
532 2697 660 2760 (τῶν
688 2699 1007 2761 σιτοπωλῶν)
1048 2702 1198 2761 τέχνῃ
1221 2703 1378 2763 χωρὶς
1406 2697 1755 2760 σιτοφύλακας
1782 2697 1914 2748 ἀπο-

77 2780 337 2846 κληροῦτε.
389 2782 619 2844 (Cunctis
660 2784 765 2833 aliis
805 2785 952 2834 rebus
992 2784 1251 2834 venalibus
1290 2784 1469 2834 aediles
1502 2802 1593 2849 pro
1630 2785 1913 2835 custodibus

75 2867 401 2932 praefecistis,
443 2866 552 2915 huic
579 2867 667 2915 soli
696 2868 984 2928 (frumenti)
1023 2876 1328 2918 mercaturae
1356 2868 1585 2917 frumenti
1612 2868 1912 2935 inspectores

76 2950 439 3011 constituistis.)

217 3048 351 3096 Inter
390 3063 569 3096 annum
607 3046 709 3094 307
736 3054 784 3096 et
809 3048 911 3095 200
939 3065 980 3097 a.
1009 3046 1097 3096 Oh.
1139 3048 1351 3114 populus
1391 3047 1643 3097 decretum
1683 3047 1818 3109 tulit,
1859 3056 1910 3097 ut

77 3129 390 3194 magistratus
429 3129 706 3179 mercatorii
748 3148 822 3179 no
839 3149 924 3179 rm
941 3130 997 3180 al
1014 3147 1037 3178 e
1055 3148 1076 3177 s
1114 3148 1163 3178 111
1180 3147 1288 3179 ens
1305 3148 1334 3178 11
1354 3147 1456 3178 ras
1495 3127 1787 3194 (σύμβολα)
1828 3148 1908 3178 cu-

75 3219 241 3260 rarent
267 3213 390 3275 fieri,
421 3213 481 3262 ad
510 3230 711 3278 quarum
739 3213 961 3276 regulam
989 3230 1242 3261 mensurae
1272 3230 1442 3262 omnes
1469 3222 1517 3262 61
1543 3214 1766 3279 pondera
1793 3217 1908 3274 (623-

75 3291 310 3355 χώματα)
340 3296 705 3360 redigerentur,
745 3295 812 3343 ita
840 3303 893 3344 ut
930 3296 1123 3344 nonnisi
1164 3296 1402 3360 ejusmodi
1441 3299 1682 3347 mensuris
1711 3305 1757 3346 et
1784 3316 1906 3362 pon-

75 3377 271 3425 deribus
297 3377 464 3427 liceret
491 3379 627 3428 arida
656 3385 700 3426 et
728 3378 877 3428 fluida
904 3378 1132 3427 vendere.
1165 3378 1214 3426 Si
1243 3380 1350 3444 quis
1378 3382 1750 3445 magistratuum
1780 3397 1904 3428 mer-
