2114 3642
109 170 210 216 486
616 180 1024 214 COMMENTARIUS
1054 177 1120 207 AD
1152 178 1232 210 556.
1264 177 1345 211 558.
1378 178 1457 212 562.

887 299 985 352 Aa
1020 300 1174 355 556.

255 406 489 456 Tabellae
510 403 768 471 judiciales
795 400 956 448 adhuc
993 407 1212 461 exstant,
1252 399 1475 466 hancque
1502 400 1687 449 habent
1715 401 1953 448 formam:

1008 482 1051 530 1.

507 624 757 688 Διόδωρος
1449 624 1784 689 Gorgoneum.

506 707 777 773 Φρεάρριος
994 710 1133 758 Duae

995 787 1204 829 noctuae

122 997 126 1113 i
254 1029 258 1110 1
284 1037 310 1080 Ῑ
322 1021 343 1104 i
499 1045 699 1099 Δεινίας
1446 1042 1782 1107 Gorgoneum.

198 1131 391 1179 Noctua
493 1124 729 1183 Ἀλαιεύς
970 1130 1111 1177 Duae

968 1207 1179 1249 noctuae

247 1321 304 1369 In
331 1321 489 1385 prima
516 1321 700 1369 tabella
728 1321 870 1369 litera
900 1322 942 1366 A
967 1320 1216 1382 significat
1242 1318 1518 1368 Diodorum
1553 1319 1688 1368 illum
1727 1327 1840 1384 post
1866 1337 1948 1368 an-

104 1420 249 1452 nuam
278 1421 363 1452 sex
390 1404 595 1452 millium
615 1403 838 1468 judicum
866 1403 1172 1452 sortitionem
1204 1410 1404 1467 quartae
1423 1402 1645 1467 judicum
1673 1404 1835 1453 curiae
1865 1405 1947 1454 ad-

102 1487 338 1536 tributum
366 1504 485 1535 esse.

245 1573 303 1620 In
331 1571 546 1620 secunda
573 1571 757 1619 tabella
784 1570 926 1620 litera
955 1572 983 1615 1
996 1572 1002 1583 “
1023 1571 1215 1619 tertiam
1247 1570 1470 1636 judicum
1497 1572 1678 1620 curiam
1707 1572 1948 1637 designat.

244 1655 320 1705 Cf.
348 1655 564 1704 Boeo-kh.
595 1653 743 1720 Corp.
771 1654 991 1719 inscript.
1019 1671 1090 1718 gr.
1119 1655 1204 1704 Nr.
1232 1654 1349 1716 207,
1380 1655 1496 1702 208.

885 1793 985 1847 Ad
1013 1795 1164 1848 558.

246 1906 420 1955 Suidas
461 1925 495 1954 s.
525 1925 569 1954 v.
614 1902 899 1967 Σύμβολον
916 1924 930 1950 .·
970 1905 1208 1965 Tessera,
1249 1923 1394 1970 quam
1412 1906 1605 1971 judices
1633 1907 1940 1972 injudicium

101 1989 436 2054 ingredientes
476 1988 822 2054 accipiebant3
875 2006 970 2053 qua
992 1980 1199 2038 sreddita
1236 1989 1515 2038 mercedem
1547 1990 1831 2055 judicialem
1872 2008 1944 2039 re-

102 2072 380 2138 portabant.

242 2153 532 2204 Aristoteles
557 2154 747 2204 Politia.
782 2155 845 2215 II,
875 2154 919 2214 9,
949 2154 1005 2202 3:
1051 2149 1123 2200 Τά
1166 2149 1461 2217 δικαστήρια
1481 2153 1785 2219 μισθοφόρα
1813 2174 1943 2202 κατ-

104 2240 268 2295 έστησε
298 2235 564 2300 Περικλῆς,
608 2237 833 2298 (Judicia
860 2239 1163 2288 mercenaria
1190 2239 1403 2288 reddidit
1429 2240 1686 2300 Pericles.)

244 2322 489 2370 Lucianus
528 2321 577 2368 in
617 2321 692 2368 bis
732 2329 943 2370 accusat.
986 2322 1077 2369 12:
1119 2314 1145 2368 ὁ
1181 2318 1372 2383 μισθὸς
1411 2319 1694 2385 τριώβολον
1735 2318 1941 2379 ἑκάστης

108 2402 261 2461 δίκης.
303 2404 516 2465 (Merces
544 2404 925 2469 uniuscujusque
953 2421 1131 2453 causae
1159 2405 1467 2465 triobolum.)

245 2487 444 2537 Suidas:
476 2480 550 2533 ‘Jl
563 2489 588 2533 λ
607 2505 619 2532 ι
638 2504 667 2533 α
687 2488 866 2533 aral:
906 2489 1169 2537 triobolum
1209 2489 1443 2538 mercedis
1483 2490 1590 2539 loeo
1619 2490 1943 2556 accipiebant,

105 2578 364 2635 postquam
382 2571 464 2637 jus
491 2570 727 2619 dixerant.

246 2653 406 2703 Schol.
434 2652 684 2720 Aristoph.
713 2654 840 2703 Plut.
871 2654 972 2702 330
1012 2655 1128 2704 dicit-
1169 2655 1410 2704 Cleonem
1448 2655 1775 2705 introduxisse
1816 2674 1939 2705 iner-

107 2736 275 2784 cedem
302 2737 446 2785 trium
475 2738 763 2800 obolorum3
804 2738 887 2786 sed
931 2738 1187 2787 confundit
1223 2755 1330 2787 eam
1359 2757 1468 2787 cum
1495 2740 1719 2788 mercede
1748 2741 1941 2789 concio-

106 2819 180 2865 nis
207 2821 387 2883 populi.
439 2820 499 2869 V.
528 2821 712 2869 B‘ockh.
749 2820 961 2869 Staatsh.
1000 2822 1082 2870 lib.
1111 2822 1173 2881 ΙΙ,
1218 2821 1295 2883 14,
1335 2840 1448 2887 pag.
1480 2823 1594 2871 323.
1652 2822 1805 2872 Cleon
1831 2841 1940 2889 pro-

105 2901 333 2949 babiliter
360 2902 652 2968 Olympiade
677 2904 797 2951 SS-a
825 2904 1035 2952 elevavit
1061 2904 1338 2953 mercedem
1365 2905 1425 2954 ad
1453 2914 1550 2954 tres
1579 2906 1763 2955 obolos.
1805 2906 1942 2955 Idem

108 2982 414 3031 doctissimus
455 2985 627 3034 B'o'ckh
669 2989 742 3050 (p.
772 2986 1078 3046 328--334)
1118 2988 1316 3052 conjicit
1355 2989 1633 3038 mercedem
1664 2989 1882 3054 judicum
1915 3009 1943 3039 a

109 3066 295 3115 Pericle
323 3066 650 3118 introductam
678 3088 775 3118 uno
804 3077 996 3118 tantum
1028 3069 1171 3119 obolo
1199 3071 1487 3120 constitisse.

883 3209 981 3262 Ad
1017 3210 1161 3262 562.

252 3313 293 3363 A
312 3332 371 3362 es
390 3315 530 3362 chin
551 3333 610 3363 es
638 3318 696 3365 in
728 3320 765 3367 C
784 3330 797 3367 t
816 3319 1015 3385 esiph.
1046 3317 1088 3384 ξ.
1120 3321 1169 3367 6:
1200 3320 1474 3384 Legislator
1500 3321 1706 3385 priunum
1735 3322 1825 3369 hoc
1850 3340 1936 3386 po-
