2114 3642
149 235 248 286 300
865 243 945 278 Jus
970 245 1245 280 PUBLICUM.

134 375 391 442 κληρωτὴν
409 373 532 440 μήτε
563 367 950 436 χειροτονητήν,
985 368 1104 432 μηδ’
1130 374 1208 420 ἐπὶ
1241 372 1521 437 κηρυκείαν
1559 368 1958 429 ἀποστελλέσθω,

129 460 250 525 μηδὲ
278 457 478 528 γνώμην
504 460 705 524 λεγέτω,
738 451 856 516 μηδ’
884 455 953 509 εἰς
991 451 1050 500 τὰ
1091 453 1331 518 δημοτελῆ
1371 453 1475 518 ἱεροὶ
1518 457 1712 513 εἰσίτω,
1747 454 1864 519 μηδ’
1903 458 1958 503 ἐν

133 551 238 599 ταῖς
264 548 458 596 κοιναῖς
486 538 908 600 στεφανηφορίαις
934 537 1321 598 στεφανούσθω,
1344 537 1461 602 μηδ’
1489 536 1630 593 ἐντὸς
1656 537 1739 597 τῆς
1767 536 1953 606 ἀγορᾶς

134 626 235 674 τῶν
269 623 682 688 περιρραντηρίων
708 622 1009 683 πορευέσθω.
1043 617 1171 673 Ἐάν
1210 620 1262 670 δέ
1297 642 1369 679 τις
1407 621 1565 670 ταῦτα
1605 622 1754 685 ποιῇ,
1794 641 1958 669 κατα-

134 711 447 776 γνωσθέντος
473 701 639 752 αὐτοῦ
666 706 879 767 ἑταιρεῖν
908 701 1119 768 θανάτῳ
1148 703 1456 768 ζημιούσθω.

505 789 636 850 (Lex
663 787 857 837 Solonis
884 789 1015 855 apud
1041 788 1271 839 Aeschin.
1299 807 1338 838 c.
1365 789 1611 839 Timarch.
1639 786 1682 854 ξ.
1711 790 1818 852 21.)

981 896 1130 946 1180.

276 980 325 1029 Si
354 979 460 1044 quis
488 978 802 1029 Atheniensis
828 996 879 1029 se
904 980 1233 1044 prostituerit,
1277 980 1320 1029 ei
1347 997 1408 1029 ne
1435 980 1580 1029 liceat
1604 981 1654 1029 in
1681 997 1861 1030 novem
1888 997 1961 1030 ar-

135 1065 334 1113 chontes
362 1063 606 1128 cooptari,
648 1079 737 1112 nec
763 1079 867 1111 rem
893 1061 1108 1112 divinam
1137 1063 1325 1124 facere,
1365 1080 1465 1111 non
1492 1080 1600 1111 cum
1627 1063 1812 1129 populo
1833 1062 1961 1128 judi-

134 1165 270 1207 care,
310 1162 401 1193 nec
429 1146 529 1194 ullo
556 1145 695 1210 fungi
732 1145 1021 1208 magistratu
1060 1147 1164 1195 sive
1204 1145 1334 1195 domi
1369 1146 1472 1195 sive
1499 1163 1704 1211 peregre
1731 1146 1834 1194 sive
1861 1163 1961 1195 sor-

132 1231 220 1279 tito
248 1230 351 1278 sive
378 1229 611 1292 suffragio
637 1229 857 1278 mandari
884 1229 1055 1290 solito,
1096 1246 1253 1295 neque
1293 1229 1477 1279 fecialis
1518 1229 1762 1291 mittatur,
1803 1245 1962 1294 neque

132 1313 423 1362 sententiam
451 1311 604 1373 dicat,
646 1328 804 1376 neque
831 1312 880 1360 in
906 1312 1105 1378 publica
1130 1313 1245 1362 fana
1269 1312 1596 1377 ingrediatur,
1625 1329 1783 1378 neque
1809 1312 1860 1360 in
1888 1312 1956 1360 fe-

133 1398 218 1445 stis
246 1394 528 1444 solennibus
555 1394 616 1443 de
644 1412 776 1443 more
803 1412 1036 1444 coronam
1061 1403 1248 1459 gestet,
1287 1412 1446 1460 neque
1472 1396 1603 1445 intra
1628 1395 1718 1444 fori
1745 1395 1958 1460 spatium

132 1497 261 1544 aqua
286 1478 473 1527 lustrali
500 1478 920 1544 circumscriptum
948 1478 1277 1545 progediatur.
1333 1478 1384 1528 Si
1418 1480 1524 1544 quis
1558 1485 1721 1528 autem
1747 1478 1866 1526 haec
1893 1478 1960 1527 fe-

132 1563 277 1623 cerit,
317 1560 649 1628 impudicitiae
676 1560 1056 1623 condemnatus,
1097 1570 1251 1611 morte
1279 1563 1553 1612 mulctetur.

272 1750 700 1813 Δοκιμασίαν
743 1752 1168 1817 ἐπαγγεῖλαι·
1225 1747 1282 1797 τὸ
1323 1748 1473 1808 δίκην
1512 1747 1797 1814 ἑταιρήσεως
1848 1769 1960 1798 τινα

133 1836 485 1901 καταγγεῖλαι·
524 1834 714 1899 γίνεται
758 1831 805 1880 δὲ
848 1828 874 1891 ἦ
913 1831 998 1891 τῆς
1036 1830 1323 1897 ἑταιρήσεως
1363 1832 1642 1897 δοκιμασία
1682 1831 1744 1882 οὐ
1787 1833 1953 1890 πᾶσιν,

133 1915 260 1965 α’λλὰ
289 1919 690 1979 πολιτευομένοις
717 1913 910 1981 ῥήτορσι
941 1919 1030 1964 καὶ
1057 1919 1358 1982 ψηφίσματα
1385 1914 1654 1983 γράφουσι,

1575 1990 1821 2051 (Suidas.)

273 2145 674 2211 Explorationem
731 2144 1028 2195 denunciare
1079 2146 1325 2210 significat
1375 2145 1708 2212 impudicitiae
1758 2146 1958 2195 crimine

133 2246 276 2294 quem
303 2245 543 2277 accusare.
598 2227 739 2277 Actio
779 2236 942 2278 autem
981 2230 1312 2295 impudicitiae
1354 2248 1452 2279 non
1492 2230 1725 2279 adversus
1761 2229 1959 2295 quosvis

132 2311 428 2372 instituitur,
473 2311 557 2360 sed
609 2319 824 2361 oratores
875 2313 1075 2376 negotia
1123 2314 1324 2378 publica
1371 2320 1634 2362 tractantes
1674 2320 1721 2361 et
1762 2313 1958 2361 decreta

134 2394 413 2443 scribentes

272 2557 476 2607 Δοῦλον
513 2561 783 2624 ἐλευθέρου
822 2558 997 2616 παιδὸς
1029 2559 1147 2624 μήτ’
1181 2560 1302 2625 ἕρᾷν
1334 2559 1451 2625 μήτ’
1479 2565 1886 2618 ἐπακολουθεῖν,
1930 2558 1958 2619 1‘)

136 2639 407 2689 ’τύπτεσθαι
438 2642 498 2704 τῇ
525 2642 745 2707 δημωσία
767 2641 974 2710 μάστιγι
1003 2642 1317 2702 πεντήκοντα
1345 2642 1543 2713 πληγάς.

468 2729 595 2789 (Lex
623 2728 816 2779 Solonis
843 2731 973 2795 apud
1001 2730 1227 2780 Aeschin.
1257 2749 1295 2780 c.
1326 2732 1569 2781 Timarch.
1598 2729 1640 2797 §
1674 2732 1816 2791 139.)

975 2837 1122 2887 1182.

276 2927 349 2975 Nc
388 2945 557 2978 servus
596 2931 866 2994 ingenuum
904 2949 1110 2998 puerum
1149 2934 1227 2981 vel
1267 2941 1397 2983 amet
1436 2935 1513 2983 vel
1542 2941 1834 2995 assectetur,
1874 2941 1954 2982 aut

135 3009 330 3073 publico
359 3012 554 3074 flagello
581 3015 936 3078 quinquaginta
961 3015 1118 3080 plagis
1145 3016 1395 3066 afficiatur.

975 3120 1121 3170 1183.

278 3208 337 3255 Οἱ
366 3206 413 3255 δὲ
440 3208 540 3256 τῶν
567 3211 760 3262 παίδων
787 3211 1085 3263 διδάσκαλοι
1125 3213 1466 3283 ἀνοιγέτωσαν
1491 3217 1588 3281 μὲν
1616 3213 1674 3265 τά
1706 3216 1950 3266 διδασκα-

134 3293 240 3337 λὲῗα
274 3288 344 3353 μ’)
385 3290 624 3355 Πρόῒὸρυν
663 3291 807 3354 ἡλίου
845 3296 1111 3356 ἀνιόντος,
1152 3303 1453 3348 κλειέτωσαν
1484 3300 1531 3348 δι’
1562 3298 1654 3363 πρὸ
1685 3296 1829 3359 ἡλίου
1856 3299 1948 3349 δύ-

139 3393 325 3430 )’01’Π)ς·
385 3378 479 3422 Ka:
501 3374 571 3438 μ’)
601 3382 770 3434 ἐξίῃ-τι.»
797 3388 898 3437 τοῖς
928 3377 1050 3445 ὑπέρ
1076 3381 1165 3439 τὴν
1208 3383 1307 3430 τῶν
1349 3382 1542 3431 παίδων
1570 3380 1776 3443 ἡλικίαν
1803 3379 1950 3433 οὖσιν
