2114 3642
178 227 278 278 284
902 241 982 273 ms
1009 239 1285 274 PUBLICUM.

1020 366 1167 416 1128.

321 461 452 519 Τούς
479 461 523 510 δ’
546 458 901 525 ἀνδροφόνους
927 464 1109 519 ἐξεῖναι
1137 458 1462 511 ἀποκτείνειν
1489 465 1545 512 ἐν
1568 460 1626 526 τῇ
1657 456 1884 527 ἡμεδαπῇ
1908 466 1998 512 καὶ

175 540 415 613 ἀπάγειν,
456 546 795 608 λυμαίνεσθαι
837 542 886 591 δὲ
921 542 1024 607 μὴ,
1070 543 1194 609 μηδὲ
1235 542 1489 610 ἄποινᾷν,
1531 542 1560 604 ἢ
1597 545 1815 595 διπλοῦν
1851 544 1998 608 ὀφεί-

172 631 292 685 λειν,
331 625 455 676 ὅσον
481 624 547 675 ἂν
573 626 914 692 καταβλάψῃ·
957 630 1205 692 εἰσφέρειν
1233 627 1281 676 δὲ
1309 626 1429 684 τούς
1457 624 1740 693 ἄρχοντας,
1779 622 1852 678 ὧν
1877 633 1999 677 ἕκα-

173 728 275 759 στοι
306 710 538 759 δικασταί
567 712 678 769 εἰσι,
705 710 780 775 τῷ
802 712 1127 776 βουλομένῳ·
1167 709 1260 770 τὴν
1285 710 1329 760 δ’
1357 707 1562 770 ἡλιαίαν
1589 711 1991 781 διαγιγνώσκειν.

523 796 660 858 (Lex
686 795 881 846 Solonis
908 796 1039 864 apud
1063 797 1316 847 Demosth.
1343 815 1382 847 c.
1411 797 1697 849 Aristocrat.
1729 799 1873 858 629.)

1006 905 1156 954 1128.

307 997 590 1047 Homicidas
616 999 759 1048 liceat
786 1006 835 1048 et
860 999 1079 1049 occidere
1107 1001 1158 1049 in
1185 1007 1352 1049 nostra
1378 1007 1508 1050 terra
1533 1008 1581 1050 et
1595 999 1870 1063 abducere3
1897 1017 1996 1048 non

167 1088 329 1129 tamen
369 1082 610 1143 cruciare,
664 1099 754 1131 nec
801 1082 1151 1149 redemptionis
1199 1082 1411 1150 pretium
1449 1092 1765 1149 extorquere,
1817 1084 1998 1148 alioqui

166 1164 368 1229 duplum
396 1164 629 1214 damnum
656 1166 902 1216 luendum.
957 1166 1191 1218 Actiones
1219 1185 1336 1217 vero
1370 1168 1712 1231 magistratus,
1753 1168 1834 1231 qui
1866 1166 1996 1232 judi-

166 1247 304 1296 cibus
331 1247 601 1313 quibusque
630 1259 890 1318 praesunt,
931 1251 1175 1300 inferunto
1202 1251 1251 1300 in
1285 1251 1521 1317 judicium
1548 1252 1716 1300 cuivis.
1767 1249 1996 1314 Cognitio

165 1330 226 1378 sit
252 1338 417 1379 autem
443 1347 595 1395 penes
623 1332 892 1382 Heliaeam.

1005 1404 1152 1454 1129.

299 1491 428 1544 Ἐάν
455 1494 508 1544 δέ
529 1515 600 1553 τις
626 1494 718 1546 τὸν
757 1493 1088 1561 ἀνδροφόνον
1122 1500 1298 1561 κτείνῃ
1329 1494 1359 1557 ἢ
1385 1498 1545 1554 αἴτιος
1573 1493 1603 1562 ᾖ
1630 1496 1826 1559 φόνου,
1868 1496 1993 1547 ἀπε-

158 1577 391 1643 χόμενον
416 1576 603 1646 ἀγορᾶς
629 1583 836 1644 ἐφορίας
864 1584 953 1628 καί
982 1576 1163 1629 ἄθλων
1202 1585 1289 1629 καὶ
1333 1580 1478 1645 ἱερῶν
1510 1578 1993 1644 Ἀμφικτυονικῶν,

166 1659 324 1726 ὥσπερ
351 1661 442 1711 τὸν
478 1661 769 1722 Ἀθηναῖον
794 1667 1069 1714 κτείναντα
1086 1703 1098 1723 ,
1140 1670 1194 1714 ἐν
1220 1672 1323 1722 τοῖς
1350 1663 1523 1722 αὐτοῖς
1549 1670 1814 1728 ἐνέχεσθαι
1832 1683 1841 1692 ·
1884 1665 1993 1714 δια-

164 1746 469 1815 γιγνώσκειν
497 1747 545 1797 δέ
574 1746 694 1803 τούς
721 1751 911 1810 ἐφέτας.

845 1822 1125 1884 (Demosth.
1153 1840 1191 1872 c.
1219 1822 1502 1875 Aristocrat.
1533 1823 1852 1884 631--632.)

1000 1931 1149 1980 1129.

304 2010 353 2061 Si
382 2012 486 2077 quis
515 2020 678 2063 autem
711 2013 1005 2063 homicidam
1044 2013 1299 2075 ceciderit,
1343 2023 1425 2062 aut
1452 2015 1615 2064 caedis
1643 2015 1685 2064 ei
1713 2031 1862 2064 causa
1887 2013 1988 2062 fue-

163 2095 249 2156 rit,
291 2097 371 2159 qui
399 2097 641 2146 homicida
668 2098 961 2147 abstinuerit
987 2098 1092 2148 foro
1120 2098 1370 2147 collimitio
1398 2106 1446 2146 et
1471 2099 1596 2146 ludis
1625 2106 1673 2148 et
1699 2099 1848 2148 sacris
1875 2096 1989 2147 Am-

162 2177 513 2243 phictyonicis,
552 2181 752 2246 perinde
782 2199 836 2231 ac
864 2182 901 2229 si
932 2180 1284 2232 Atheniensem
1312 2182 1591 2245 occidisset,
1633 2182 1800 2232 eodem
1830 2182 1989 2230 crimi-

162 2278 221 2309 ne
249 2268 488 2313 teneatur.
542 2265 762 2330 Ephetae
791 2273 952 2314 autem
981 2274 1296 2331 cognoscant.

1001 2372 1149 2421 1130.

301 2449 425 2500 Ἐάν
470 2458 536 2508 τίς
572 2472 683 2501 τινα
726 2451 825 2503 τῶν
859 2450 1202 2519 ἀνδροφόνων
1238 2453 1340 2503 τῶν
1378 2451 1784 2513 ἐξεληλυθότων,
1826 2446 1899 2518 ᾦν
1929 2452 1984 2502 τά

154 2533 384 2599 χρήματα
412 2539 644 2601 ἐπίτιμα,
687 2542 805 2600 πέρα
848 2535 970 2601 ὅρου
998 2536 1184 2600 ἐλαύνῃ
1215 2533 1244 2596 1'7'
1270 2542 1391 2600 φέρῃ
1423 2535 1450 2596 ι’)
1477 2534 1602 2605 ἄγῃ·
1644 2536 1700 2586 τά
1734 2538 1815 2586 ἴσα
1844 2536 1988 2599 ὀφεί-

162 2621 228 2665 λει
259 2616 350 2666 ὅσα
379 2640 493 2684 περ,
536 2618 602 2668 (ἲν
630 2626 684 2670 ἐν
715 2620 768 2683 τῇ
799 2616 1024 2685 ἡμεδαπῇ
1054 2620 1221 2686 δράσῃ.

1014 2706 1293 2767 (Demosth.
1323 2724 1360 2755 c.
1390 2706 1669 2757 Aristocrat.
1701 2708 1845 2767 634.)

1004 2813 1153 2863 1130.

304 2895 352 2943 Si
381 2898 486 2959 quis
513 2897 723 2963 aliquem
751 2896 1071 2958 homicidam,
1108 2898 1188 2962 qui
1217 2899 1448 2959 excessit,
1487 2898 1623 2962 cujus
1652 2896 1859 2962 pecunia
1886 2914 1984 2945 non

163 2985 236 3026 est
261 2978 530 3042 publicata,
571 2981 696 3028 ultra
735 2981 996 3029 terminum
1035 2980 1295 3044 agitaverit
1336 2982 1412 3029 vel
1452 2981 1734 3045 spoliaverit
1769 2997 1984 3044 quocun-

163 3077 255 3124 que
284 3061 453 3123 modo;
492 3063 662 3112 eadem
690 3063 865 3126 debet,
905 3081 1027 3129 quae
1068 3064 1106 3111 si
1145 3064 1193 3111 in
1230 3063 1411 3112 ditione
1448 3071 1614 3112 nostra
1642 3063 1760 3112 haec
1788 3065 1984 3112 commi-

161 3143 314 3191 sisset.
1959 3149 1963 3153 ’

303 3295 370 3343 Εἴ
391 3315 461 3351 τις
487 3295 576 3345 τὸν
603 3297 928 3364 (ἷνδροᾳῑύιόν
957 3296 1049 3365 ὂρᾷ
1088 3299 1321 3364 περιιόντ’
1349 3305 1404 3350 ἐν
1433 3307 1531 3357 τοῖς
1558 3301 1706 3364 ἱεροῖς
1734 3304 1822 3349 καί
1850 3297 1980 3348 κατά

146 3376 234 3437 [ἡν
279 3376 498 3446 ἀγοράν,
542 3378 756 3448 ἁπάγειν
797 3385 986 3442 ἔξεστιν
1027 3387 1093 3440 εἰς
1139 3382 1189 3431 τό
1235 3383 1597 3449 δεσμωτήριον,
1641 3382 1744 3433 οὐκ
1772 3382 1980 3442 οἴκαδε,
