2114 3642
817 246 879 279 DE
906 244 1173 280 CONVICIIS.
1804 227 1904 278 401

196 449 431 518 ’Ἑνοχον
471 452 596 504 εἶναι
639 453 696 517 τῇ
733 458 1021 522 κακηγορίᾳ
1076 455 1168 505 τὸν
1217 454 1305 514 τὴν
1343 455 1584 522 ἐργασίαν
1623 450 1717 512 τὴν
1756 457 1812 502 ἐν
1850 452 1908 515 τῇ

69 534 232 603 ἀγορᾷ
260 535 289 597 ἢ
315 538 417 587 τιᾶν
445 538 665 586 πολιτῶν
692 534 721 596 ἢ
749 537 850 586 τῶν
872 538 1147 587 πολιτίδων
1174 536 1494 597 ὀνειδίζοντά
1521 556 1633 588 τινι.

947 624 1227 685 (Demosth.
1257 641 1296 673 c.
1325 623 1557 673 Eubulid.
1588 622 1767 682 1308.)

916 731 1068 781 1563.

211 814 432 864 Oonvicii
472 815 675 864 crimine
715 822 969 876 teneatur,
1015 815 1096 880 qui
1124 822 1378 880 quaestum
1404 814 1455 862 in
1483 814 1587 864 foro
1616 814 1700 863 ulli
1731 813 1912 861 civium

71 897 173 946 sive
201 899 306 948 viro
333 899 435 948 sive
463 899 655 948 mulieri
683 899 1074 965 exprobraverit.

213 1086 394 1137 Ζῶντα
428 1086 500 1152 μὴ
541 1086 718 1144 κακῶς
757 1091 921 1156 λέγειν
960 1085 1082 1151 πρὸς
1119 1088 1268 1150 ἱεροῖς
1316 1089 1407 1134 καὶ
1447 1085 1786 1149 δικαστηρίοις
1822 1087 1912 1133 καὶ

72 1164 294 1233 ἀρχείοις
319 1174 409 1220 καὶ
440 1174 655 1237 θεωρίας
683 1167 834 1231 οὔσης
861 1170 1106 1238 ἀγώνων,
1148 1168 1179 1229 ἢ
1204 1177 1329 1234 τρεῖς
1357 1168 1585 1234 δραχμὰς
1611 1169 1682 1233 τῷ
1711 1166 1912 1230 ἰδιώτῃ,

73 1250 166 1300 δύο
195 1251 239 1299 δ’
267 1249 423 1311 ἄλλας
450 1252 718 1304 ἀποτίνειν
744 1257 813 1311 εἰς
838 1253 896 1303 τὸ
926 1253 1185 1318 δημόσιον.

552 1341 687 1403 (Lex
715 1340 912 1392 Solonis
939 1340 1070 1406 apud
1098 1338 1346 1388 Plutarch.
1375 1339 1424 1387 in
1454 1337 1633 1387 Solone
1664 1338 1772 1397 21.)

925 1449 1075 1498 1564.

216 1542 289 1591 Ne
317 1543 462 1591 liceat
489 1543 614 1593 vivis
641 1544 917 1593 obtrectare
944 1544 993 1592 in
1022 1542 1233 1609 templiS,
1254 1541 1454 1608 judiciis
1482 1547 1528 1590 et
1554 1540 1699 1600 curia,
1731 1547 1779 1588 et
1805 1556 1918 1588 cum

73 1627 356 1689 spectacula
382 1627 618 1690 eduntur3
658 1627 739 1692 qui
767 1635 940 1676 contra
965 1627 1158 1688 fecerit,
1200 1635 1298 1675 tres
1327 1627 1396 1683 ei,
1438 1624 1513 1673 cui
1542 1623 1818 1672 convicium
1846 1623 1916 1672 di-

74 1709 223 1772 xerit,
265 1710 548 1773 drachmas,
587 1710 706 1760 duas
735 1711 924 1760 aerario
953 1711 1127 1760 solvat.

928 1818 1076 1866 1565.

224 1902 340 1956 Τοῖς
365 1898 633 1965 κωμῳδοῖς
659 1903 750 1948 καὶ
779 1897 1135 1947 ἀποσκώπτειν
1161 1901 1251 1946 καὶ
1279 1895 1626 1962 λοιδορεῖσθαι
1655 1896 1845 1955 ἔξεστιν
1871 1900 1917 1951 ἐς

76 1980 195 2039 τούς
223 1986 458 2042 πολίτας,
500 1980 589 2040 οὓς
616 1981 683 2034 ἂν
711 1982 897 2048 αἰσχρά
928 1987 1019 2031 καὶ
1054 1981 1238 2042 ἀνάξια
1268 1982 1348 2042 τῆς
1375 1980 1564 2037 πόλεως
1592 1978 1918 2039 ἐπιτηδεύον-

77 2086 163 2123 τας
202 2067 517 2125 αἴσθωνται,
571 2065 746 2118 αὐτῶν
783 2088 834 2115 τε
873 2070 1088 2116 ἐκείνων
1120 2066 1309 2132 χάριν,
1363 2064 1603 2129 ἀμείνους
1642 2062 1739 2132 γάρ
1779 2060 1915 2111 οὕτω

77 2151 344 2217 γίγνονται
375 2148 773 2216 ὀνειδιζόμενοι,
813 2154 903 2198 καὶ
944 2150 1045 2199 τῶν
1085 2150 1316 2208 πολλῶν,
1357 2144 1423 2207 οἷς
1449 2147 1694 2216 φεύγοιεν
1718 2145 1812 2195 τὸν
1840 2149 1918 2194 ἐπὶ

77 2241 180 2290 τοῖς
207 2228 405 2299 ὁμοίοις
433 2235 660 2302 ἔλεγχον.
1113 2235 1340 2296 (Luciam.
1372 2234 1638 2285 Anachars.
1667 2234 1775 2291 22.)

924 2320 1072 2368 1565.

220 2402 480 2452 Comoedis
521 2403 668 2452 etiam
708 2402 915 2451 ridicula
943 2404 1110 2468 jacere
1150 2403 1200 2451 in
1241 2401 1372 2451 cives
1407 2409 1453 2450 et
1479 2400 1606 2449 male
1633 2400 1727 2449 illis
1754 2397 1914 2446 dicere

78 2487 213 2547 licet,
254 2505 375 2552 quos
402 2488 601 2552 quidem
628 2489 792 2553 turpia
830 2494 878 2535 et
916 2487 1122 2551 indigna
1161 2488 1361 2535 civitate
1403 2493 1607 2548 agentes
1648 2482 1918 2540 senserint,

79 2569 225 2634 idque
265 2588 413 2634 quum
453 2571 650 2619 illorum
688 2571 904 2637 ipsorum
936 2588 1110 2632 causa,
1151 2571 1378 2619 meliores
1419 2569 1549 2618 enim
1588 2567 1655 2614 sic
1695 2566 1816 2612 fiunt
1858 2580 1917 2611 ex

80 2653 493 2718 reprehensione,
532 2662 635 2702 tum
680 2654 1030 2716 multitudinis,
1069 2662 1122 2702 ut
1159 2654 1353 2720 fugiant
1393 2653 1442 2700 in
1481 2648 1721 2699 similibus
1760 2647 1917 2712 argui.

921 2761 1070 2809 1566.

229 2841 333 2892 Τὸν
361 2839 587 2906 ἄρχοντα
615 2840 684 2906 μὴ
714 2840 998 2907 κωμῳδεῖν.

860 2925 1050 2989 (Schol.
1079 2926 1128 2975 in
1158 2923 1473 2991 Aristophan.
1503 2921 1632 2972 Nub.
1664 2922 1775 2981 31.)

228 3119 526 3170 Archontem
553 3119 694 3167 nefas
723 3126 826 3167 esto
854 3119 903 3167 in
931 3135 1079 3167 scena
1105 3115 1376 3165 traducere.

925 3225 1074 3273 1567.

232 3303 348 3357 Οὐκ
377 3311 529 3367 ἔξεστι
558 3305 872 3366 τεθνηκότας
898 3303 1182 3370 κωμῳδεῖν.

915 3391 1105 3453 (Schol.
1133 3390 1183 3438 in
1211 3387 1460 3455 Aristoph.
1489 3389 1603 3438 Pac.
1632 3388 1777 3447 648.)

1583 3473 1639 3513 26
