2161 3673
734 195 797 225 nu
824 195 960 226 PERM
973 195 1242 230 UTATIONE.
1806 185 1900 231 241

934 321 1049 370 955.

214 404 457 453 Praefecti
485 404 779 462 triremium,
809 404 889 467 qui
918 407 1232 468 promiserint
1258 426 1409 456 novas
1437 408 1641 458 reddere
1669 410 1907 471 triremes,

72 493 120 536 et
146 504 243 535 non
271 487 597 548 reddiderint,
639 487 853 551 quinque
882 487 1013 537 mille
1042 489 1298 540 drachmas
1325 493 1533 541 solvant.

930 596 1045 644 956.

217 672 703 739 Τοὺς-τριηράρχους
732 669 1063 733 ὑπευθύνους
1089 676 1230 729 εἶναι.

271 770 273 773 ’
974 749 1228 810 (Aeschin.
1256 753 1307 801 in
1335 753 1553 820 Ctesiph.
1584 751 1627 820 ξ.
1658 755 1764 815 19.)

932 846 1047 894 956.

213 928 536 979 Trierarchae
564 928 738 980 rationi
764 929 1048 982 reddendae
1077 930 1174 981 sint
1201 929 1414 984 obnoxii.

857 1117 1032 1166 ’Ἁρθρον
1059 1117 1110 1161 ς’.

656 1188 822 1238 Περὶ
871 1188 1316 1231 ἀντιδόσεως.

862 1309 1046 1344 Articulus
1074 1311 1106 1343 6.

731 1382 796 1415 De
834 1384 1240 1424 permutatione.

926 1480 1040 1529 957.

200 1560 297 1608 Ἐκ
324 1561 419 1625 τοῦ
444 1558 788 1628 σηντάγματος
827 1564 1139 1625 τριακοσίων
1177 1560 1411 1627 ἀνδρῶν,
1455 1562 1588 1626 κατὰ
1617 1562 1709 1613 τόν
1735 1566 1898 1614 πλου-Ε

66 1666 157 1695 τον
183 1647 562 1712 ἐξειλεγμένων,
605 1642 678 1701 οἷς
716 1642 1016 1693 ἀνακεῖνται
1057 1646 1158 1695 τῶν
1197 1648 1525 1715 λειτουργιῶν
1557 1650 1606 1696 αἱ
1635 1652 1896 1711 μείζονες,

64 1731 218 1788 ἔξεστι
244 1726 314 1792 τῷ
342 1726 643 1787 πεπονηκότι
673 1727 870 1777 τούτων
896 1721 1227 1788 ὑπεξελθεῖν,
1268 1731 1319 1779 εἴ
1350 1750 1464 1778 τινα
1509 1732 1694 1781 ἑαυτοῦ
1736 1737 1896 1781 πλου-

63 1811 299 1876 σιώτερον
325 1808 643 1875 σχολάζοντα
672 1810 983 1860 ἐπιδείκνυσι
1002 1827 1012 1839 ·
1052 1816 1140 1860 καὶ
1180 1816 1229 1861 εἰ
1254 1816 1352 1876 μὲν
1379 1808 1405 1863 ό
1435 1816 1739 1879 προβληθεὶς
1767 1811 1896 1881 ὁμο-

62 1900 204 1963 λογεῖ
226 1892 588 1959 πλουσιώτερος
614 1892 773 1953 εἶναι,
814 1898 883 1952 εἰς
921 1893 1041 1952 τους
1080 1900 1406 1960 τριακοσίους
1441 1895 1896 1950 ἀντικαθίσταται·

62 1982 110 2028 εἰ
134 1978 182 2029 δὲ
211 1977 463 2044 ἀρνεῖται,
503 1975 599 2036 τήν
626 1975 815 2027 οὐσίαν
842 1975 1171 2027 ἀναδιδοῦσι.

279 2063 555 2130 (Anonymi
582 2071 857 2128 argument.
885 2066 1103 2114 Demost.
1132 2065 1239 2114 adv.
1269 2066 1542 2133 Phaenipp.
1577 2067 1752 2128 1838.)

922 2171 1037 2218 957.

203 2257 242 2304 Ε
271 2256 423 2304 classe
451 2261 781 2303 trecentorum
820 2254 1062 2315 virorum,
1102 2254 1153 2303 in
1193 2273 1337 2320 quam
1376 2256 1599 2305 ditissimi
1640 2258 1891 2320 leguntur,

61 2340 237 2405 quibus
276 2339 488 2388 maxima
526 2356 730 2387 munera
768 2339 996 2404 imposita
1036 2347 1172 2401 sunt,
1215 2341 1360 2389 liceat
1398 2341 1634 2390 excedere
1675 2343 1768 2401 illi,
1811 2344 1891 2408 qui

61 2422 334 2488 sumptibus
362 2422 580 2482 laborat,
620 2423 657 2470 si
699 2440 845 2487 quem
883 2440 933 2471 se
973 2422 1346 2488 locupletiorem
1380 2432 1637 2473 vacantem
1665 2425 1889 2475 ostende-

62 2507 135 2554 rit.
176 2505 318 2566 Quod
345 2505 384 2554 si
411 2506 477 2565 is,
517 2506 597 2569 qui
626 2507 937 2571 designatur,
979 2524 1029 2555 se
1057 2507 1281 2555 ditiorem
1309 2525 1413 2556 esse
1441 2508 1676 2568 fateatur,
1717 2509 1766 2557 in
1795 2515 1887 2558 trc-

61 2597 256 2649 centos,
284 2588 482 2637 alterius
508 2588 617 2638 loco
654 2590 917 2653 referatur3
956 2591 1029 2639 sin
1069 2598 1242 2653 neget,
1284 2598 1564 2656 permutent
1589 2592 1717 2642 inter
1743 2610 1793 2641 se
1820 2593 1887 2643 fa-

59 2673 276 2721 cultates.

913 2744 1028 2792 958.

205 2822 336 2880 Τούς
375 2821 723 2880 ἀντιδιδόντας
763 2822 1029 2883 ἀλλήλοις,
1083 2823 1208 2873 ὅταν
1247 2823 1522 2888 ὀμόσαντες
1562 2824 1886 2890 ἀποφαίνωσι

60 2906 151 2966 τὴν
179 2906 392 2965 οὐσίαν,
432 2905 768 2971 κροςομνύειν
793 2907 938 2957 τόνδε
965 2907 1057 2957 τὸν
1085 2906 1273 2971 ὅρκον·
1317 2906 1625 2972 »ἀποφαίνω
1665 2910 1758 2972 τήν
1791 2913 1886 2963 οὐ-

62 2994 177 3040 σίαν
214 2989 306 3049 τήν
342 2990 567 3054 ἐμαυτοῦ
606 2988 773 3054 ὀρθῶς
811 2995 900 3040 καὶ
942 2992 1176 3049 δικαίως,
1218 2989 1347 3050 πλὴν
1383 2993 1485 3042 τῶν
1511 2999 1566 3043 ἐν
1591 3002 1696 3051 τοῖς
1724 2998 1884 3064 ἔργοις

60 3082 162 3131 τοῖς
189 3072 469 3141 ἀργυρείοις
487 3112 498 3132 ,
541 3071 635 3122 ὅσα
663 3076 709 3122 οἱ
738 3074 884 3138 νόμοι
913 3073 1059 3133 ἀτελῆ
1091 3073 1472 3132 πεποιήκασινζζ.

811 3160 1089 3222 (Demosth.
1118 3160 1227 3209 adv,
1256 3161 1531 3230 Phaenipp.
1562 3165 1741 3228 1044.)

916 3258 1030 3305 958.

202 3338 295 3399 Qui
320 3340 449 3390 inter
475 3355 581 3390 sese
608 3347 914 3406 permutant,
956 3357 1106 3406 quum
1134 3340 1248 3392 dato
1273 3341 1595 3410 J'urejurando
1622 3363 1740 3411 opes
1768 3364 1878 3397 suas

1547 3428 1600 3472 16
