2114 3642
828 233 1241 267 AMPHICTYONIA.
1844 220 1946 269 327

117 354 299 421 εἴρξειν
317 353 431 421 μήτ’
458 359 514 406 ἐν
539 358 738 421 πολέμῳ
759 356 875 419 μήτ’
903 363 957 406 ἐν
984 357 1153 421 εἰρήνῃ
1170 397 1181 416 ,
1222 357 1313 408 ἐὰν
1352 357 1403 408 δέ
1438 379 1510 415 τις
1535 358 1696 407 ταῦτα
1723 360 1944 424 παραβῇ,

117 438 434 503 στρατεύσειν
460 444 537 489 ἐπὶ
564 442 754 489 τοῦτον
780 445 868 488 καὶ
895 440 981 497 τας
1009 441 1171 499 πόλεις
1198 440 1522 502 ἀναστήσειν,
1562 446 1653 490 καὶ
1692 441 1781 491 ἐάν
1818 463 1888 498 τις
1916 440 1947 501 ἢ

117 521 241 586 συλᾷ
280 520 340 570 τά
379 523 471 571 τοῦ
516 522 642 571 θεοῦ
684 520 714 582 ἢ
752 522 951 586 συνειδῇ
980 545 1025 572 τι
1056 521 1084 584 1³)
1108 525 1360 589 βουλεύσῃ
1389 546 1433 573 τι
1467 524 1598 574 κατὰ
1639 525 1740 573 τῶν
1781 526 1943 589 ἱερῶν,

114 604 405 670 τιμωρήσειν
430 610 519 655 καὶ
538 610 672 670 χειρὶ
700 611 789 655 καὶ
818 606 935 655 ποδὶ
964 612 1053 655 καὶ
1081 608 1225 670 φωνῇ
1253 613 1343 656 καὶ
1371 608 1500 672 πάσῃ
1529 608 1752 672 δυνάμει.

893 692 1153 753 (Aeschin.
1181 695 1306 742 male
1333 703 1457 758 gest.
1485 695 1630 759 legat.
1664 695 1803 754 115.)

963 800 1110 848 1278.

261 893 619 959 Jusjurandum
645 892 1060 959 Amphictyonum
1088 902 1216 944 esto:
1253 912 1302 943 se
1329 895 1515 943 nullam
1541 896 1714 944 urbem
1741 894 1943 960 Amphi-

115 977 392 1041 ctyonicam
432 994 712 1038 eversuros,
759 994 917 1041 neque
958 995 1086 1041 aqua
1124 978 1398 1043 profluente
1438 978 1801 1043 prohibituros,
1842 980 1943 1027 sive

114 1076 235 1124 pace
262 1060 365 1108 sive
392 1061 552 1123 bello;
591 1061 764 1126 quodsi
792 1061 898 1124 quis
926 1069 1099 1110 contra
1128 1061 1323 1123 fecerit,
1367 1062 1410 1110 ei
1439 1079 1489 1110 se
1516 1062 1698 1111 bellum
1725 1064 1945 1111 illaturos

115 1149 162 1190 et
187 1143 332 1191 urbes
360 1160 530 1193 eorum
558 1145 818 1193 excisuros.
873 1144 923 1193 Si
965 1146 1070 1208 quis
1108 1162 1227 1193 vero
1266 1145 1551 1209 Apollinem
1580 1146 1658 1193 vel
1685 1145 1944 1211 spoliaret,

113 1226 192 1275 vel
219 1227 439 1276 conscius
469 1235 595 1276 esset
620 1227 744 1276 illius
772 1228 1004 1292 injuriae,
1047 1228 1126 1275 vel
1166 1227 1422 1275 consilium
1462 1227 1598 1275 daret
1626 1237 1798 1276 contra
1823 1236 1944 1276 tem-

112 1310 262 1374 plum,
292 1328 401 1359 eum
427 1328 477 1360 se
506 1312 689 1359 ulturos
717 1318 764 1358 et
790 1310 915 1376 pede
944 1318 991 1358 et
1018 1328 1166 1358 manu
1194 1319 1241 1358 et
1267 1328 1386 1358 voce
1415 1318 1463 1359 et
1491 1311 1716 1359 omnibus
1747 1310 1944 1360 viribus.

957 1417 1106 1466 1279.

255 1510 580 1559 Δυοκαίδεκα
608 1515 934 1574 ξυνὲρχονται
964 1510 1153 1566 πόλεις·
1196 1510 1375 1570 ἑκάστη
1416 1510 1464 1559 δὲ
1507 1514 1680 1575 πέμπει
1721 1509 1946 1578 πυλαγόἢ

113 1613 234 1657 ραν,
276 1594 348 1650 δὶς
374 1601 488 1642 κατ’
516 1597 624 1651 ἔτος
652 1591 802 1654 οἷῖσής
828 1595 911 1654 τῆς
939 1594 1188 1653 συνόδου,
1228 1594 1370 1662 ἕαρός
1407 1616 1458 1643 τε
1497 1599 1587 1643 καὶ
1621 1595 1945 1660 μετοπώρου’

114 1672 217 1735 ἦδὲ
246 1676 461 1734 σύνοδος
502 1683 712 1727 Πυλαία
751 1683 1006 1737 καλεῖται,
1049 1674 1072 1738 ἦ
1109 1681 1208 1742 μὲν
1247 1677 1414 1743 ἑαρινὴ
1457 1674 1481 1738 ἧ
1523 1678 1571 1728 δὲ
1606 1676 1943 1743 μετοπωρινή,

110 1760 273 1820 ἐπειδὴ
302 1767 356 1811 ἐν
386 1761 584 1819 Πύλαις
612 1762 937 1830 συνάγονται.
1084 1764 1287 1825 (Strabo
1316 1766 1403 1828 IX,
1433 1766 1479 1826 3,
1508 1765 1552 1813 ’7.
1582 1784 1628 1831 p.
1659 1765 1801 1825 643.)

957 1871 1106 1920 1279.

253 1967 525 2017 Duodecim
552 1969 852 2017 conveniunt
878 1967 1124 2029 civitates,
1165 1985 1372 2032 quarum
1399 1968 1601 2031 quaevis
1628 1985 1768 2016 suum
1795 1967 1944 2016 mittit

112 2052 351 2117 legatum,
396 2052 695 2117 Pylagoram
734 2053 943 2115 dictum,
993 2053 1068 2102 bis
1108 2053 1277 2101 habito
1317 2070 1405 2118 per
1444 2069 1629 2100 annum
1668 2060 1940 2100 conventu:

113 2153 226 2184 vere
255 2144 302 2184 et
328 2145 577 2186 autumno.
632 2137 905 2186 Concilium
932 2137 1171 2203 Pylaeum
1199 2144 1430 2196 vocatur,
1472 2136 1681 2184 alterum
1707 2152 1939 2195 vernum,

112 2220 316 2269 alterum
343 2222 650 2283 autumnale,
691 2221 804 2286 quia
830 2221 890 2269 ad
918 2221 1065 2288 Pylas
1089 2221 1402 2269 conveniunt.

958 2329 1105 2377 1280.

257 2424 330 2473 Τά
358 2424 553 2474 δώδεκα
581 2425 707 2483 ἔθνη
734 2420 794 2471 τά
816 2427 1099 2487 μετέχοντα
1126 2420 1219 2471 τοῦ
1249 2420 1402 2487 ἱερεῦ,
1443 2418 1596 2470 εἶναι·
1643 2415 1937 2476 Θετταλούς,

111 2507 369 2564 Βοιωτούς
397 2506 487 2569 [ού
522 2509 772 2573 Θηβαίους
792 2504 1044 2570 μόνους),
1085 2508 1325 2570 Δωριέας,
1353 2501 1552 2561 Ἴωνας,
1593 2502 1932 2569 Περραιβούς,

109 2589 416 2658 Μάγνητας,
457 2590 714 2653 Δελφούς,
754 2588 1022 2656 Λοκρούς,
1068 2592 1336 2647 Οἰταίους,
1382 2586 1646 2645 Φθιώτας,
1700 2591 1934 2645 Μαλιεῖς,

115 2679 321 2731 Φωκεῖς.
363 2678 462 2723 Καὶ
488 2674 683 2724 τούτων
710 2679 928 2724 ἕκαστον
957 2676 1110 2731 ἔθνος
1138 2673 1401 2739 ἰσόψηφον
1438 2675 1627 2740 γίνεται
1646 2709 1658 2729 ,
1698 2669 1754 2719 τὸ
1789 2676 1935 2738 μέγι-

111 2775 230 2807 στον
256 2757 324 2823 τῷ
353 2757 593 2810 ἐλάττονι,
634 2758 738 2807 Δύο
767 2758 817 2807 δὲ
846 2757 1048 2823 ’ψήφους
1075 2763 1295 2806 ἕκαστον
1320 2760 1455 2818 φέρει
1483 2757 1651 2810 ἔθνος.

884 2844 1138 2905 (Aeschin.
1168 2844 1294 2892 male
1321 2849 1443 2906 gest.
1472 2842 1618 2905 legat.
1650 2839 1791 2900 116.)

942 2951 966 2998 1
977 2951 1091 2999 280.

250 3046 522 3098 Duodecim
559 3055 733 3112 gentes
771 3046 868 3097 sint
905 3047 1077 3112 templi
1116 3042 1406 3111 participes:
1459 3041 1707 3105 Thessali,
1760 3043 1932 3094 Boeoti

113 3135 239 3193 [non
264 3132 490 3181 Thebani
516 3132 714 3192 solum),
752 3132 933 3192 Dores,
968 3129 1002 3177 J
1007 3145 1152 3188 ones,
1181 3125 1473 3187 Perrhaebi,
1508 3125 1789 3191 Magnetes,
1817 3130 1932 3177 Del-

111 3215 222 3280 phi,
250 3215 416 3277 Locri,
446 3215 643 3276 Oetaei,
684 3213 969 3273 Phthiotae,
1010 3211 1297 3270 Malienses,
1328 3208 1621 3259 Phocenses.
1674 3210 1737 3259 Et
1762 3210 1933 3258 harum

111 3298 329 3362 gentium
367 3316 684 3364 unaquaeque
723 3315 813 3364 par
849 3295 1066 3357 suffragii
1086 3294 1168 3359 jus
1194 3293 1369 3354 habet,
1409 3293 1620 3342 maxima
1645 3294 1776 3343 idem
1803 3293 1930 3357 quod

112 3381 323 3431 minima.
374 3383 550 3432 Binum
578 3389 741 3431 autem
767 3395 985 3444 quaeque
1014 3394 1136 3441 gens
1163 3375 1447 3438 suffragium
1473 3376 1579 3425 fert.
