2114 3642
129 205 230 255 416
667 216 1068 251 COMMENTARIUS
1099 217 1164 247 AD
1193 212 1250 249 11.
1279 213 1335 249 12.
1365 211 1421 249 16.

272 348 458 397 Eadem
496 348 666 396 dicunt
707 343 964 392 Anecdota
992 342 1185 392 Graeca
1210 342 1429 393 Bekkeri
1456 343 1493 404 I,
1535 360 1580 407 p.
1611 341 1728 404 256,
1771 349 1819 391 et
1845 339 1963 407 Ety-

128 432 424 496 mologioum
452 431 698 494 Magnum.

270 513 548 563 Secundum
576 510 894 559 Aristotelem
922 510 1094 569 (Polit.
1122 511 1210 570 HI,
1244 511 1286 569 1,
1316 512 1372 569 4)
1413 510 1533 558 civis
1572 509 1857 575 simpliciter
1895 507 1965 555 di-

129 597 310 647 cendus
338 597 469 644 nulla
495 595 590 643 alia
615 611 666 641 re
696 593 928 641 definitur
953 593 1137 656 magis,
1179 610 1326 657 quani
1353 592 1482 657 quod
1512 593 1574 639 sit
1598 591 1891 640 iudiciorum
1919 598 1967 639 et

126 681 500 743 magistratuum
540 676 799 742 particeps.
870 673 956 737 Τῷ
988 677 1223 737 μετέχειν
1262 676 1472 737 κρίσεως
1512 676 1602 720 καὶ
1643 670 1813 735 ἀρχῆς.
1867 673 1966 721 Sed

127 764 288 823 κρίσις
337 762 386 809 in
437 759 673 809 latissimo
726 776 871 808 sensu
911 760 1194 821 summitur,
1250 776 1340 808 nec
1380 758 1440 807 ad
1470 758 1659 824 judicia
1698 758 1855 805 solum
1895 775 1965 804 re-

126 846 392 908 stringitur.
937 911 1036 964 Ad

267 1021 479 1072 Auctore
509 1020 714 1071 Aeliano
744 1021 909 1082 (Var.
938 1022 998 1070 hi
1016 1028 1084 1070 st.
1113 1020 1198 1082 VI,
1231 1020 1338 1082 10),
1380 1020 1618 1083 Pericles,
1646 1037 1797 1086 quum
1824 1035 1964 1085 prae-

123 1112 199 1154 tor
226 1113 379 1167 esset,
420 1103 807 1155 Atheniensibus
834 1104 992 1167 legem
1030 1104 1253 1170 scripsit,
1294 1112 1346 1152 ut
1386 1104 1636 1168 gerendae
1663 1103 1965 1170 reipublicae

124 1207 222 1238 non
251 1196 416 1238 essent
443 1189 736 1254 participes,
777 1188 869 1237 nisi
911 1188 992 1253 qui
1032 1195 1241 1252 utroque
1282 1195 1487 1253 parente
1516 1187 1622 1235 cive
1651 1194 1794 1235 natus
1823 1194 1964 1235 esset.

124 1271 312 1336 Tetigit
351 1279 517 1321 autem
555 1272 718 1337 ipsum
752 1272 876 1335 legis
904 1272 1042 1320 istius
1071 1272 1237 1320 divina
1263 1273 1397 1321 ultio.
1450 1272 1579 1320 Nam
1606 1270 1702 1319 duo
1730 1270 1842 1331 filii,
1884 1270 1965 1335 qui

124 1362 263 1403 erant
300 1355 421 1420 ipsi,
462 1355 667 1404 Paralus
695 1362 743 1403 et
769 1355 1117 1420 Xanthippus,
1157 1355 1407 1405 communi
1442 1354 1753 1421 pestilentiae
1792 1353 1965 1402 morbo

124 1438 367 1487 obierunt.
419 1438 636 1488 Relictus
676 1446 841 1487 autem
883 1447 1133 1505 superstes
1174 1447 1248 1487 est
1273 1439 1487 1487 Pericles
1515 1455 1626 1486 cum
1654 1437 1844 1498 nothis,
1885 1437 1966 1501 qui

125 1520 306 1570 exclusi
335 1530 473 1571 erant
499 1523 560 1571 ab
590 1522 981 1572 administranda
1009 1522 1264 1588 republica
1290 1540 1379 1588 per
1407 1523 1569 1586 legem
1596 1529 1868 1587 paternam.

267 1598 613 1655 Aristotel.
655 1598 884 1654 Oecon.
926 1607 989 1666 ΙΙ,
1031 1607 1076 1667 2,
1107 1606 1162 1652 3;
1204 1606 1369 1667 Quum
1409 1605 1537 1670 apud
1577 1605 1845 1670 Byzantios
1885 1604 1964 1652 lex

124 1695 278 1750 esset,
308 1706 408 1737 non
436 1689 716 1738 habendum
744 1707 834 1756 pro
863 1690 997 1751 cive,
1040 1689 1121 1754 qui
1149 1706 1248 1738 non
1276 1696 1481 1753 utroque
1510 1696 1716 1755 parente
1744 1689 1850 1737 cive
1878 1704 1963 1736 na-

123 1780 200 1820 tus
229 1772 425 1834 fuisset,
467 1780 671 1836 egentes
712 1772 921 1838 pecunia
958 1772 1131 1820 scitum
1169 1772 1418 1821 fecerunt:
1459 1772 1540 1837 qui
1580 1772 1734 1820 altero
1774 1778 1964 1820 tantum

124 1863 326 1920 parente
354 1856 461 1904 cive
491 1864 632 1905 natus
661 1864 814 1917 esset,
854 1856 894 1905 si
922 1855 1239 1922 persolvisset
1279 1856 1482 1919 triginta
1514 1856 1699 1917 lninaS,
1739 1872 1830 1921 pro
1858 1855 1963 1902 cive

124 1938 420 1989 habendunr

929 2008 1027 2061 Ad
1063 2010 1159 2062 12.

265 2117 426 2167 Schol.
462 2118 523 2167 ad
558 2118 788 2168 Aeschin.
815 2119 1063 2186 Timarch.
1093 2120 1184 2166 39:
1219 2115 1411 2180 μηδένα
1450 2116 1552 2166 τῶν
1585 2123 1695 2182 μετ’
1741 2117 1960 2168 Εὐκλεί*

125 2197 214 2257 δην
242 2194 469 2263 ἄρχοντα
492 2205 724 2264 μετέχειν
750 2200 834 2259 τῆς
851 2199 1037 2256 πόλεως
1055 2239 1065 2257 ,
1096 2198 1162 2249 ἄν
1177 2199 1248 2265 μὴ
1270 2197 1425 2265 ἄμφω
1439 2200 1561 2258 τούς
1582 2208 1760 2269 γονέας
1776 2201 1963 2259 ἀστούς

124 2282 450 2343 ἐπιδείξηται,
491 2283 612 2340 τούς
652 2284 699 2333 δὲ
730 2282 824 2348 πρὸ
854 2282 1141 2333 Εὐκλείδου
1169 2283 1524 2344 ἀνεξετάστως
1552 2284 1815 2346 ἀφεῖσθαι.

265 2370 452 2427 (Nemo
492 2378 602 2435 post
642 2370 895 2419 Euclidem
935 2372 1222 2420 archontem
1261 2373 1507 2438 particeps
1548 2373 1609 2420 sit
1645 2373 1881 2433 civitatis,
1924 2373 1961 2419 si

125 2469 224 2500 non
251 2454 519 2503 ostenderit
546 2462 734 2520 patrem
762 2462 809 2503 et
835 2463 1040 2504 matrem
1068 2456 1202 2504 cives
1231 2456 1409 2517 fuisse,
1451 2457 1531 2520 qui
1573 2474 1689 2505 vero
1726 2465 1838 2505 ante
1869 2457 1961 2505 Eu-

129 2535 304 2584 clidem
332 2537 552 2598 fuerant,
593 2555 693 2585 non
722 2538 985 2587 examinati
1014 2538 1340 2598 omittantur.)

267 2619 643 2669 Athenaeus
682 2622 818 2682 XIII,
850 2621 977 2669 577:
1018 2621 1319 2688 Aristophon
1362 2629 1525 2671 orator
1565 2623 1724 2686 legen]
1765 2624 1961 2688 rogavit

127 2701 359 2750 archonte
388 2703 616 2764 Euclide,
658 2712 709 2751 ut
736 2705 951 2769 quisquis
979 2723 1077 2753 non
1105 2722 1129 2753 e
1157 2706 1262 2753 cive
1293 2704 1455 2753 Attica
1480 2714 1622 2754 natus
1650 2715 1804 2767 esset,
1847 2725 1959 2772 spu-

128 2784 225 2830 rius
253 2785 513 2835 haberetur
541 2779 623 2847 (85-
651 2780 716 2833 (ἲν
738 2784 807 2847 μὴ
838 2791 887 2843 ἐξ
915 2784 1062 2845 ἀστῆς
1088 2790 1284 2853 γίνηται
1306 2825 1316 2844 ,
1362 2787 1526 2836 νόθον
1553 2787 1723 2849 εἶναι).

927 2928 1026 2981 Ad
1062 2930 1157 2981 16.

271 3032 416 3098 Apud
444 3035 707 3087 Stobacum
736 3041 937 3099 (serm.
967 3041 1048 3102 43,
1073 3040 1165 3099 48)
1191 3048 1303 3106 post
1328 3037 1431 3087 τῶν
1459 3035 1533 3088 ἀεὶ
1562 3039 1849 3102 κρινόντων
1876 3042 1958 3091 ad-

131 3115 281 3163 ditur:
323 3115 595 3179 Eftspgnivmg.

268 3200 549 3263 Xenophon
588 3205 637 3252 in
677 3206 1076 3256 Memorabilibus
1116 3206 1227 3269 (IV,
1275 3210 1318 3266 ι1,
1366 3207 1454 3267 16)
1496 3206 1764 3268 πανταχοῦ
1807 3212 1861 3255 ἐν
1898 3205 1955 3269 τῇ

120 3276 328 3326 Ἴζλλάδι
360 3278 510 3343 ’νόμος
538 3290 697 3332 mmm
727 3285 846 3341 τούς
874 3290 1081 3342 πολίτας
1109 3285 1325 3350 &aruval
1357 3284 1678 3352 ὁχιονοὴσειν,
1708 3294 1796 3338 καὶ
1826 3310 1956 3338 παν-

136 3362 299 3423 wgo&
342 3361 588 3425 ὀμνύουσι
630 3367 719 3415 τὸν
760 3367 920 3430 ὅρκον
947 3372 1148 3421 *zozimum
1202 3374 1426 3438 (Ubique
1455 3377 1503 3422 in
1533 3375 1741 3425 Graecia
1768 3377 1843 3425 lex
1873 3395 1956 3440 po-
