2114 3642
388 189 793 222 COMMENTAmcs
821 190 889 221 An
921 185 1022 221 1199.
1054 185 1156 224 1208.
1191 187 1292 225 1211,
1324 188 1426 226 1215.
1458 187 1560 226 1215.
1591 189 1694 226 1219.
1864 180 1964 227 583

888 324 987 377 Ad
1015 327 1192 379 1199.

260 435 364 484 Lex
404 436 523 483 haec
562 435 765 498 vigebat
799 442 959 485 aetate
988 435 1280 496 Phocionis;
1321 434 1611 486 Plutarchus
1652 439 1780 486 enim
1820 437 1959 486 dicit:

117 513 283 578 νόμου
309 514 406 583 γάρ
435 511 584 571 ὄντος
618 513 866 574 Ἀθήνησι
908 538 930 563 τ
950 514 1070 566 oze.

880 669 979 722 Ad
1007 671 1196 723 1208.

259 780 494 829 Suidas
532 799 568 828 s.
599 799 642 828 v.
678 775 1063 843 Ἀινδροληψίας
1104 780 1153 828 Si
1196 781 1269 828 vir
1310 779 1627 830 Atheniensis
1667 788 1807 831 extra
1835 779 1959 830 Atti—

115 881 222 912 cam
262 863 552 911 interfectus
594 872 748 923 esset,
791 872 838 912 et
878 864 1062 912 incolae
1104 863 1238 912 urbis
1278 864 1409 928 ejus,
1449 864 1497 911 in
1532 883 1629 929 qua
1655 864 1830 913 caedes
1857 872 1962 914 erat

113 952 329 1011 patrata,
359 963 470 993 eum
500 948 581 1011 qui
610 948 823 995 criminis
851 965 962 995 reus
991 964 1095 994 esse
1125 946 1374 995 videretur
1401 964 1501 996 non
1529 948 1845 1008 dedidissent,
1874 966 1960 1013 per

113 1029 250 1092 leges
277 1029 459 1077 licebat
486 1037 583 1078 tres
612 1030 740 1078 illius
768 1030 903 1078 urbis
929 1030 1064 1078 cives
1106 1028 1485 1093 comprehensos
1514 1027 1735 1079 Athenas
1763 1030 1956 1092 ducere,

115 1112 276 1161 caedis
305 1129 491 1177 poenas
520 1113 733 1161 daturos.

257 1207 489 1256 Pollux
532 1207 667 1268 VIII,
712 1209 804 1256 50:
858 1209 1088 1257 Virorum
1128 1208 1508 1273 comprehensio
1549 1203 1956 1269 (ἀνδρολήψιον)

114 1291 302 1347 dicitur,
331 1309 439 1340 cum
468 1293 574 1356 quis
602 1293 871 1341 homicidas
899 1293 1142 1356 fugientes
1172 1292 1321 1340 veluti
1351 1292 1411 1340 ad
1438 1291 1677 1355 quosdam
1706 1292 1956 1355 defugisse

114 1384 405 1439 reposcens,
446 1391 544 1423 non
583 1375 790 1440 accipit,
831 1376 1039 1438 licetque
1081 1382 1198 1422 tunc
1237 1375 1299 1422 ab
1328 1374 1448 1433 illis,
1479 1375 1557 1438 qui
1588 1392 1685 1422 non
1712 1375 1832 1423 dant
1859 1383 1956 1423 tres

113 1457 333 1505 educere.
385 1457 635 1504 Immerito
662 1464 826 1505 autem
864 1457 1077 1504 virorum
1118 1456 1560 1520 comprehensione
1601 1475 1741 1518 usus,
1784 1457 1955 1505 immu-

114 1541 188 1589 nis
217 1558 526 1605 nequaquam
555 1547 670 1588 erat.

255 1635 392 1682 Haec
432 1652 532 1683 non
572 1635 631 1683 ad
672 1636 906 1683 amussim
953 1634 1196 1700 expressit
1238 1635 1427 1684 Pollux.
1484 1634 1788 1684 Homicidam
1827 1636 1956 1684 enim

113 1718 489 1778 Atheniensem,
520 1719 556 1766 si
591 1720 708 1783 fuga
734 1720 944 1768 salutem
972 1728 1249 1782 quaereret,
1280 1737 1377 1766 11011
1407 1719 1585 1767 licebat
1614 1726 1750 1769 ext-ra
1778 1719 1955 1768 limites

113 1801 304 1851 Atticae
334 1802 575 1867 persequi,
618 1802 690 1851 Cf.
721 1800 763 1866 ξ.
798 1802 992 1848 1129ψ-
1012 1801 1158 1848 1130.

893 1952 992 2005 Ad
1017 1953 1180 2005 1211.

254 2062 492 2112 Corinthii
522 2064 847 2113 caduceatore
873 2064 1156 2129 praemisso,
1187 2064 1266 2127 qui
1291 2064 1582 2129 Corcyraeis
1611 2063 1792 2113 bellum
1819 2065 1953 2130 prius

110 2145 373 2205 indiceret,
408 2146 736 2211 Epidamnum
765 2165 935 2196 versus
971 2147 1292 2210 navigarunt,
1324 2147 1504 2196 bellum
1535 2146 1823 2213 Corcyraeis
1850 2148 1952 2198 illa-

113 2230 219 2278 turi.
261 2229 640 2294 (Thucydid.
672 2232 706 2288 1,
737 2231 846 2289 29.)

879 2369 977 2422 Ad
1007 2370 1183 2422 1215.

253 2479 329 2527 Cf.
362 2479 405 2527 T
423 2498 451 2528 11
468 2480 721 2528 retlini:
751 2482 823 2529 De
847 2479 1178 2543 legationibus
1207 2479 1417 2544 publicis
1446 2480 1576 2544 apud
1609 2479 1946 2531 Athenienses.

111 2561 374 2621 (Genevae
407 2562 586 2623 1841.)

873 2630 971 2682 Ad
1010 2630 1186 2683 1216.

253 2739 471 2806 Thucy
490 2740 606 2789 did.
636 2741 721 2802 IV,
755 2741 879 2789 118:
920 2741 1245 2791 Caduceatori
1276 2750 1323 2791 et
1350 2742 1524 2806 legatis
1553 2760 1821 2808 eorumque
1862 2762 1946 2809 pe-

110 2824 348 2889 disequis,
390 2832 705 2888 quotcunque
732 2825 788 2873 iis
816 2825 1078 2890 placuerit,
1120 2826 1235 2874 belli
1280 2826 1481 2875 finiendi
1517 2832 1565 2874 et
1590 2829 1946 2878 controversia-

109 2925 214 2957 rum
255 2925 402 2956 causa
440 2908 489 2954 in
519 2907 919 2972 Peloponnesum
958 2914 1039 2957 aut
1078 2907 1299 2957 Athenas
1338 2909 1565 2958 euntibus
1605 2927 1662 2958 ac
1700 2911 1944 2961 redeunti-

108 2992 226 3052 bus,
271 3000 399 3040 terra
427 2991 645 3055 marique
676 2991 875 3041 foedera
904 2992 1012 3040 sint.

877 3101 985 3184 Aci
1012 3132 1187 3185 1219.

251 3241 327 3290 Of.
356 3241 650 3290 Aeschinem
689 3241 748 3289 de
788 3242 914 3290 male
954 3249 1095 3305 gesta
1120 3241 1266 3305 legat.
1301 3243 1411 3291 133.
1452 3243 1684 3294 Boeckhii
1713 3263 1841 3310 corp.
1869 3246 1941 3293 in-

108 3324 272 3389 script.
299 3342 371 3387 gr.
400 3326 484 3374 Nr.
514 3324 572 3371 71
597 3341 606 3385 ς
646 3325 840 3374 Franzii
869 3325 1112 3374 elementa
1139 3326 1482 3392 epigraphices
1508 3347 1579 3393 gr.
1610 3329 1692 3378 Nr.
1721 3328 1800 3376 48.

541 3108 570 3123 4
