2161 3673
181 247 214 293 6
908 250 989 283 JUS
1013 250 1074 282 PU
1081 246 1291 281 BLICUM.

184 388 273 434 καὶ
300 382 557 443 εὐηκοήσω
583 379 684 431 τῶν
712 376 787 428 ἀεὶ
814 371 1123 441 κρινόντων·
1163 375 1256 421 καὶ
1293 379 1396 431 τοῖς
1440 378 1646 439 θεσμοῖς
1681 379 1784 431 τοῖς
1810 370 2015 437 ἱδρυμέ-

185 489 289 525 νοις
327 470 562 531 πείσομαι
602 466 693 512 καὶ
721 456 955 512 οὕστινας
988 452 1055 504 ἂν
1080 451 1265 514 ἄλλους
1289 454 1347 506 τὸ
1375 457 1570 517 πλῆθος
1596 455 1858 522 ἱδρύσηται
1884 450 2015 520 ὄμο-

185 550 408 615 φρόνως·
438 552 526 597 καὶ
556 544 623 596 ἄν
648 567 717 601 τις
744 539 928 603 ἀναιρῇ
952 536 1071 596 τούς
1101 537 1323 603 θεσμούς
1349 537 1469 604 ἢμὴ
1498 544 1752 600 πείθηται,
1782 537 1885 590 οὐκ
1905 543 2016 588 ἐπι-

186 639 377 699 τρέψω,
406 631 586 696 ἀμυνῶ
612 629 659 678 δὲ
688 630 776 675 καὶ
797 622 959 688 μόνος
986 626 1077 671 καὶ
1101 620 1230 687 μετὰ
1259 622 1489 673 πάντων·
1519 627 1610 672 καὶ
1638 620 1742 688 ἱερά
1758 620 1818 672 τά
1835 620 2016 686 πάτρια

186 716 383 781 τιμήσω.
426 713 641 777 (Ἰστορες
694 711 806 758 θεοὶ
857 704 1094 765 τούτων,
1133 703 1462 775 ”Αγλαυρος,,
1494 706 1790 766 Ἐνυάλιος,
1829 702 2014 771 ”Αρης,

188 799 337 870 Ζεύςῖ,
371 795 542 849 Θαλλώ
563 835 574 854 ,
604 790 752 852 Αὐξώ
771 830 783 851 ,
803 787 1081 859 ιΙ]ῙΥ«“»·,ιιὸνη·
1227 794 1468 859 (Lycurg.
1495 812 1535 844 c.
1565 795 1790 844 Leocrat.
1817 792 1944 854 770).

1063 912 1141 962 16.

326 1011 666 1063 Iusiurandum
691 1017 857 1059 autem
883 1014 1014 1057 esto:
1054 1009 1169 1058 Non
1207 1006 1515 1058 dedecorabo
1556 1026 1694 1058 sacra
1726 1024 1889 1070 arma,
1928 1024 2020 1056 nec

187 1098 487 1155 adstantem,
517 1094 734 1159 quisquis
762 1092 933 1152 fuerit,
961 1090 1346 1140 commilitonem
1373 1091 1624 1154 de‘seram3
1663 1091 1900 1158 pugnabo
1927 1108 2019 1156 pro

185 1181 333 1230 saeris
362 1186 409 1227 et
434 1177 643 1244 publicis
672 1184 718 1224 et
744 1176 875 1225 solus
915 1182 963 1224 et
1001 1192 1113 1224 cum
1149 1176 1343 1237 multis;
1382 1174 1595 1240 patriam
1620 1175 1751 1223 haud
1779 1175 2021 1223 minorem

185 1263 398 1324 tradam,
438 1261 524 1310 sed
563 1260 798 1308 maiorem
838 1258 1189 1323 fortioremque
1229 1275 1377 1323 quam
1409 1275 1677 1324 accepero3
1717 1264 1765 1305 et
1792 1257 2023 1306 obediam

186 1363 377 1410 semper
403 1343 666 1404 iudicibus,
700 1349 846 1406 atque
875 1341 1063 1407 parebo
1090 1341 1284 1405 legibus
1312 1341 1589 1390 constitutis
1617 1349 1665 1390 et
1690 1341 1742 1388 in
1767 1347 2023 1406 posterum

186 1447 214 1478 a
240 1428 424 1494 populo
450 1426 741 1475 unanimiter
767 1424 1140 1474 constituendis.
1192 1425 1266 1473 Ac
1292 1425 1331 1473 si
1360 1425 1465 1490 quis
1493 1425 1666 1474 tollere
1706 1424 1919 1472 voluerit
1956 1423 2021 1472 le-

187 1529 274 1575 ges
302 1518 385 1558 aut
410 1510 465 1558 iis
502 1528 600 1559 non
639 1526 844 1575 parere,
888 1525 989 1558 non
1029 1507 1337 1573 permittam,
1379 1507 1465 1557 sed
1498 1508 1675 1557 tuebor
1703 1524 1786 1556 eas
1813 1513 1862 1555 et
1889 1506 2022 1555 solus

188 1601 234 1642 et
272 1612 381 1642 cum
420 1592 658 1641 omnibus.
724 1591 900 1640 Testes
943 1590 1118 1639 horum
1157 1591 1222 1639 dii
1263 1591 1385 1639 sint:
1438 1588 1711 1655 Aglaurus,
1753 1590 2019 1656 Enyalius,

189 1679 345 1738 Mars,
374 1675 600 1741 Jupiter,
639 1675 843 1734 Thallo,
878 1673 1046 1734 Auxo,
1073 1674 1377 1738 Hegemone.

333 1885 405 1935 Οὐ
435 1884 626 1934 δίδοται
657 1889 893 1953 γενέσθαι
929 1887 1164 1943 πολίτας,
1208 1882 1336 1944 πλὴν
1374 1892 1478 1941 τοῖς
1518 1882 1802 1952 φεύγουσιν
1840 1882 2023 1945 ἀειφυ-

190 1974 273 2038 γίᾳ
304 1969 390 2029 την
418 1970 628 2028 ἑαυτῶν,
659 1966 687 2028 ἢ
714 1973 999 2026 πανεστίοις
1019 1967 1281 2028 Ἀθήναζε·
1302 1972 1739 2032 μετοικιζομένοις
1761 1972 1839 2017 ἐπὶ
1855 1972 2020 2031 τέχνῃ.

660 2056 793 2115 (Lex
821 2055 1016 2104 Solonis
1045 2056 1178 2121 apud
1207 2054 1454 2104 Plutarch.
1483 2055 1532 2103 in
1561 2053 1728 2104 Solon.
1759 2055 1881 2115 24).

1069 2175 1147 2223 17.

329 2271 584 2319 Neminem
612 2270 714 2318 fieri
741 2271 925 2330 civem,
967 2269 1060 2318 nisi
1087 2270 1167 2334 qui
1195 2276 1436 2335 perpetuo
1465 2269 1610 2318 exilio
1638 2268 1856 2317 damnati
1883 2287 1912 2318 a
1939 2286 2026 2317 sua

189 2354 345 2418 patria
372 2355 621 2415 abessent,
650 2360 734 2402 aut
761 2371 868 2402 cum
895 2360 1000 2402 tota
1026 2353 1212 2402 familia
1237 2353 1441 2402 arteficii
1471 2370 1620 2402 causa
1646 2351 1865 2402 Athenas
1893 2370 2023 2402 com-

191 2437 495 2501 migrassent.

1070 2543 1151 2590 18.

334 2633 420 2692 Mi,-
453 2642 634 2695 ἐξεῖναι
667 2634 974 2695 ποιήσασθαι
998 2633 1317 2694 Ἀθηναῖον,
1366 2633 1429 2684 ὃν
1468 2633 1534 2684 ἄν
1568 2635 1636 2698 μή
1673 2635 1735 2684 δι’
1764 2635 2026 2704 ἀνδραγα-

197 2721 321 2764 θίαν
359 2720 425 2773 εἰς
464 2718 553 2767 τὸν
593 2718 754 2783 δῆμον
802 2717 890 2768 τὸν
922 2717 1214 2777 Ἀθηναίον
1255 2714 1403 2778 ἄξιον
1442 2714 1471 2782 ᾗ
1510 2724 1746 2786 γενέσθαι
1790 2723 2024 2778 πολίτην·

195 2800 341 2846 ἔπειτ’
370 2800 569 2852 ἐπειδὰν
595 2802 779 2865 πεισθῇ
807 2796 834 2852 ὅ
865 2800 1018 2865 δῆμος
1046 2805 1133 2849 καὶ
1166 2801 1236 2866 διιιῖ
1269 2799 1358 2860 τὴν
1385 2801 1604 2866 δωρεάν,
1629 2802 1697 2868 μὴ
1727 2807 1917 2868 κυρίαν
1942 2823 2026 2871 γε-

199 2885 373 2929 νέσθαι
406 2880 493 2940 την
520 2889 743 2944 ποίησιν,
780 2884 871 2936 ε’ἀν
893 2883 960 2949 μὴ
990 2885 1049 2948 τῇ
1080 2882 1234 2950 ψήφῳ
1262 2889 1330 2942 εἰς
1358 2883 1447 2943 την
1474 2888 1722 2936 ἐπιοῦσαν
1748 2890 2029 2946 ἐκκλησίαν

199 2959 319 3027 ὑπὲρ
355 2968 682 3026 ἑξακισχίλιοι
719 2967 994 3028 Ἀθηναῖοι
1038 2971 1357 3033 ψηφίσωνται
1399 2967 1631 3034 κρύβδην
1670 2967 2025 3035 ψηφιζόμενοι·

200 3045 312 3103 τους
341 3047 388 3094 δι’
419 3047 676 3110 πρυτάνεις
704 3055 897 3101 τιθέναι
928 3049 1048 3107 τούς
1076 3050 1359 3108 καδίσκους
1387 3056 1475 3100 καί
1506 3051 1596 3111 τὴν
1626 3054 1801 3118 ψῆφον
1829 3051 2024 3102 διδόναι

197 3128 452 3192 προσιόντι,
492 3131 564 3194 7‘13
602 3130 739 3196 δήμῳ
779 3139 895 3199 πρὶν
921 3133 1039 3191 τούς
1065 3138 1237 3194 ξένους
1264 3138 1466 3183 εἰσιέναι
1493 3139 1583 3184 καὶ
1615 3135 1672 3184 τὰ
1700 3140 1848 3203 γέρρα
1875 3134 2026 3184 ἀναι-

196 3221 331 3275 ρεῖν,
372 3215 456 3261 ἵνα
484 3216 661 3276 κύριος
697 3212 769 3263 ὢν
802 3215 955 3275 αὐτὸς
995 3212 1157 3268 αὑτοῦ
1199 3223 1407 3275 ἕκαστος
1442 3220 1687 3277 σκοπῆται
1718 3217 1837 3284 πρὸς
1865 3212 2028 3269 αὑτὸν

197 3294 372 3348 ι’)’ντινα
393 3300 558 3360 μέλλει
589 3301 797 3356 πολίτην
822 3300 1143 3361 ποιήσεσθαι,
1172 3304 1219 3350 εἰ
1243 3296 1379 3360 ἄξιός
1405 3307 1504 3351 ἐστι
1536 3302 1614 3360 τῆς
1642 3301 1824 3366 δωρεᾶς
1852 3298 1879 3351 ὃ
1902 3307 2026 3366 μέλ-

196 3383 296 3430 λων
322 3378 600 3445 λήψεσθαι·
637 3382 804 3430 ἔπειτα
826 3383 951 3445 μετὰ
981 3386 1138 3434 ταῦτα
1168 3384 1480 3451 παρανόμων
1506 3383 1707 3453 γραφὴν
1743 3384 1872 3435 εἶναι
1910 3393 2026 3437 κατ’
