2114 3642
157 195 259 244 584
501 208 913 243 COMMENTARIUS
944 205 1012 236 AD
1043 198 1147 232 1221.
1179 193 1284 232 1222,
1317 201 1420 237 1223·
1452 196 1554 232 1232.
1585 196 1689 233 1234,

928 339 1027 391 Ad
1064 340 1242 393 1221.

300 458 419 506 Dio
437 457 507 504 do
525 474 558 502 r.
591 452 781 501 Sicul.
810 452 950 510 XIII,
979 452 1072 498 24:
1117 450 1321 500 Graecis
1347 451 1630 499 inimicitiae
1660 449 1721 496 ad
1748 448 2006 498 victoriam

158 559 312 606 usque
340 558 390 589 se
419 535 682 587 extendant
709 540 928 597 oportet,
970 542 1018 581 et
1057 552 1247 598 poenae
1287 553 1386 583 non
1429 533 1612 582 diutius
1651 540 2007 597 exposcantur,

159 641 306 689 quam
345 617 610 670 adversarii
651 617 833 665 fuerint
875 617 924 664 in
958 624 1253 682 potestatem
1282 617 1481 666 redacti.
1535 615 1629 676 Qui
1660 616 1863 664 ulterius
1891 615 2007 664 sub-

159 715 321 757 actum
361 712 407 753 et
446 701 508 749 ad
548 700 819 761 benignam
862 700 1061 749 victoris
1090 700 1263 757 fidem,
1304 709 1539 765 tanquam
1567 699 1791 763 asylum,
1834 699 2006 747 confu-

161 792 378 855 gientem
405 783 675 842 ulciscitur,
718 801 817 831 non
845 781 1061 849 'amplius
1095 784 1288 833 hostem
1328 784 1492 848 punit,
1536 783 1621 832 sed
1649 783 1892 831 humanae
1921 800 2002 848 po=

160 874 254 921 tius
283 867 607 918 imbecillitati
637 884 724 932 per
751 867 983 933 injuriam
1009 867 1221 916 insultat.

303 964 673 1012 Pausanias
714 963 826 1024 VII,
868 964 950 1024 25,
985 964 1038 1010 1:
1081 963 1230 1012 Extat
1268 962 1529 1012 Dodonaei
1572 962 1717 1010 Jovis
1757 959 2008 1010 oraculum

162 1046 547 1098 Atheniensibus
576 1045 875 1111 Aphidantis
910 1054 1069 1095 aetate
1110 1046 1382 1099 redditum,
1424 1064 1521 1110 quo
1560 1046 1809 1110 supplices
1848 1062 2009 1094 sacro-

159 1138 356 1181 sanctos
383 1147 489 1178 esse
517 1129 697 1178 debere
727 1129 801 1177 his
828 1131 1052 1179 versibus
1080 1136 1367 1178 monentur:

305 1225 408 1275 Ara
434 1226 521 1274 tibi
551 1226 881 1274 Eumenidum
909 1227 1101 1274 fumans
1129 1233 1176 1274 et
1204 1225 1340 1273 curia
1367 1225 1537 1273 Martis

306 1309 416 1359 Sint
441 1309 591 1358 cordi.
633 1310 743 1357 Huc
770 1311 801 1358 b
820 1310 952 1358 ello
982 1310 1211 1358 domiti
1242 1327 1354 1357 nam
1385 1309 1512 1357 forte
1542 1309 1767 1357 Lacones

307 1392 609 1459 Suppliciter
634 1393 796 1441 tristes
824 1394 1038 1442 venient.
1092 1392 1165 1441 Ne
1194 1394 1382 1441 confice
1412 1392 1568 1449 ferro,

303 1476 411 1525 Neu
437 1476 581 1524 viola.
635 1475 669 1524 S
686 1494 713 1524 u
731 1495 761 1540 p
779 1476 882 1541 ple
900 1495 928 1525 x
969 1495 990 1525 s
1006 1493 1034 1523 a
1049 1494 1074 1524 c
1090 1494 1113 1524 e
1131 1495 1154 1525 1·
1193 1492 1216 1523 e
1234 1484 1289 1524 st
1328 1482 1375 1523 et
1402 1475 1605 1523 crimine
1635 1492 1797 1538 purus.

934 1627 1033 1680 Ad
1057 1629 1248 1681 1222.

305 1739 456 1787 Teste
485 1736 737 1786 Herodoto
780 1735 895 1795 (VI,
925 1736 1018 1796 79)
1058 1737 1190 1802 apud
1220 1737 1612 1801 Peloponnesios
1647 1744 1883 1786 statutum
1913 1747 2015 1787 erat

161 1821 371 1889 pretium
411 1819 809 1886 redemptionisss,
867 1837 1045 1885 nempe
1088 1819 1184 1869 duo
1226 1820 1386 1868 minae
1428 1838 1517 1884 pro
1560 1821 1768 1884 singulis
1807 1821 2015 1887 captivis

163 1904 469 1972 pendendae.

937 1969 1035 2023 Ad
1061 1972 1250 2024 1223.

311 2083 447 2131 Haec
475 2082 687 2148 Lycurgi
719 2082 924 2130 oratoris
952 2082 1030 2130 lex
1058 2082 1169 2131 ideo
1198 2083 1393 2132 videtur
1420 2084 1519 2131 lata
1546 2083 1716 2139 fuisse,
1747 2092 1797 2131 ut
1826 2083 2017 2132 facilius

168 2165 402 2233 posthac,
432 2165 468 2213 si
498 2165 620 2213 forte
648 2164 827 2232 captivi
857 2164 1227 2219 redimerentur,
1258 2165 1468 2214 inveniri
1498 2173 1679 2231 posset,
1709 2167 1841 2232 apud
1870 2184 2016 2231 quem

167 2250 425 2299 servirent.
479 2248 951 2308 (Schoemannz
1003 2248 1332 2312 Antiquitates
1368 2248 1492 2313 juris
1532 2249 1665 2313 publ.
1712 2249 2016 2298 Graecorum

169 2352 215 2398 p.
246 2332 391 2392 370.)

932 2400 1030 2453 Ad
1069 2401 1258 2453 1232.

314 2511 637 2576 Polybius
666 2511 752 2571 IV,
783 2510 874 2557 67:
905 2511 1247 2570 Dorimachus,
1283 2509 1558 2559 Aetolorum
1588 2520 1797 2577 praetor,
1827 2512 1887 2560 ad
1914 2514 2013 2563 Do-

172 2597 414 2644 donaeum
445 2596 613 2644 fanum
641 2602 694 2643 ut
720 2595 880 2654 venit,
922 2602 968 2641 et
1010 2595 1228 2659 porticus
1268 2595 1506 2642 cremavit
1546 2604 1592 2642 et
1631 2594 1835 2644 donaria
1863 2598 2017 2646 multa

175 2680 417 2744 corrupit,
456 2679 612 2744 ipsam
653 2677 862 2743 denique
905 2695 1094 2726 sacram
1133 2678 1305 2726 aedem
1335 2679 1551 2727 funditus
1580 2680 1769 2727 evertit.
1823 2680 2019 2746 Quippe

177 2760 336 2810 Aetoli
365 2779 521 2828 neque
549 2762 685 2828 pacis
713 2778 872 2826 neque
902 2762 1015 2809 belli
1047 2763 1182 2825 leges
1210 2771 1418 2822 norunt3
1453 2763 1539 2811 sed
1568 2770 1770 2828 utroque
1800 2772 2019 2829 tempore

177 2851 350 2892 contra
368 2847 450 2909 jus
477 2846 696 2909 gentium
725 2855 773 2894 et
801 2845 1021 2894 omnium
1049 2845 1301 2894 hominum
1331 2847 1554 2902 instituta
1583 2843 1743 2907 (παρὰ
1773 2842 1831 2892 τά
1863 2843 2017 2892 κοινά

179 2924 278 2971 τῶν
304 2921 591 2989 ἀνθρώπων
619 2928 714 2985 ἔθη
741 2930 831 2974 καὶ
863 2924 1078 2989 νόμιμα)
1108 2930 1299 2993 quidvis
1329 2930 1485 2977 facere
1515 2930 1712 2978 audent.

320 3175 540 3239 Thucyd.
574 3179 631 3235 V,
662 3181 753 3226 47:
795 3176 1069 3241 ὀμνύντων
1110 3178 1158 3226 δὲ
1198 3176 1290 3226 τὸν
1318 3178 1591 3241 ἐπιχώριον
1620 3176 1782 3240 ὅρκον
1811 3186 2014 3229 ἕκαστοι

179 3257 271 3307 τὸν
291 3260 533 3323 μέγιστον
559 3258 688 3304 κατὰ
718 3260 864 3322 ἱερῶν
891 3264 1104 3309 uitione
1140 3256 1206 3307 Ὺ)
1235 3261 1281 3308 δι’
1313 3260 1465 3324 ὅρκος
1495 3263 1618 3308 ἔστω
1647 3259 1754 3309 ὅδε·
1788 3265 2017 3327 ηὲμμενῶ

180 3339 236 3403 τῇ
264 3341 525 3403 ξυμμαχίᾳ
554 3340 685 3387 κατά
717 3341 774 3389 τά
803 3346 1113 3409 ξυγκείμενα
1154 3344 1361 3399 δικαίως
1388 3347 1477 3391 καὶ
1507 3341 1745 3408 ἀβλαβῶς
1772 3351 1861 3394 καὶ
1891 3344 2016 3393 ἀδό-
