2114 3642
755 228 1162 262 communimus
1190 228 1258 260 Ao
1286 228 1367 263 213.
1398 229 1479 262 215.
1931 215 2031 262 449

973 364 1071 417 Ad
1116 365 1254 418 213.

334 473 657 539 Anonymi
709 490 942 537 argum.
993 475 1065 523 ad
1113 476 1439 524 Demosth.
1483 492 1520 524 0.
1562 473 1945 525 Androtion.
1985 494 2031 540 p.

194 557 321 604 589:
361 557 745 605 Thesmothetae
799 574 980 605 annum
1035 558 1274 607 duntaxat
1327 559 1620 624 magistratu
1672 557 2033 622 fungebantur,

192 657 338 704 quem
364 641 648 705 priusquam
688 641 890 700 inirent,
930 640 978 688 in
1019 658 1216 690 omnem
1256 658 1424 689 eorum
1465 643 1615 690 vitam
1656 647 1933 690 anteactam
1959 642 2029 689 in-

192 723 499 786 quirebatur,
554 730 599 771 et
639 723 677 771 si
716 723 765 770 in
807 724 1034 773 omnibus
1074 725 1253 787 integri
1293 726 1752 789 compeliebantur,
1799 742 1857 774 eo
1898 743 2030 774 anno

190 808 504 870 magistratus
544 814 694 855 erant.
766 807 930 854 Finito
971 823 1100 854 anno
1146 808 1320 855 iterum
1360 808 1420 856 de
1460 809 1515 855 iis
1560 808 1800 873 judicium
1854 808 2030 868 fiebat,

190 898 385 939 rectene
414 907 469 938 eo
498 898 716 956 tempore
746 897 908 938 essent
934 891 1086 939 functi
1115 908 1172 939 eo
1201 891 1394 952 officio,
1437 900 1484 939 et
1517 892 1556 939 si
1584 892 1900 941 manifestum
1929 900 2032 940 erat

190 973 344 1038 probe
373 992 455 1022 eos
483 975 823 1036 magistratum
852 973 1088 1036 gessisse,
1129 974 1178 1020 111
1217 981 1441 1023 senatum
1475 975 1784 1024 addebantur
1815 975 2028 1040 Areopa

188 1057 428 1120 gitarum,
469 1058 544 1106 sin
570 1058 697 1105 male
727 1075 776 1105 se
805 1057 1096 1121 gessissent,
1138 1058 1470 1122 ejiciebantur.

972 1198 1070 1251 Ad
1112 1198 1250 1251 215.

337 1307 479 1373 Apud
520 1307 936 1358 Lacedaemonios
976 1309 1151 1357 summi
1202 1308 1517 1372 magistratus
1570 1308 1766 1358 fuerant
1817 1309 2030 1374 quinque

190 1391 402 1456 Ephori,
444 1392 525 1457 qui
555 1392 611 1441 de
639 1410 727 1441 suo
758 1410 898 1440 nume
911 1409 962 1440 ro
992 1393 1330 1457 Eponymum,
1373 1393 1511 1457 cujus
1540 1392 1735 1441 nomine
1764 1409 1921 1440 annus
1950 1392 2029 1441 de-

189 1475 501 1537 signabatur,
542 1476 874 1541 praebebant,
920 1474 1126 1541 perinde
1166 1481 1310 1540 atque
1354 1474 1484 1540 apud
1526 1474 1854 1524 Athenienses
1883 1493 1907 1523 e
1949 1493 2033 1523 110-

189 1576 300 1608 vem
327 1546 643 1608 archontibus
671 1577 796 1608 unus
825 1567 927 1608 erat
957 1560 1261 1624 Eponymus.
1304 1559 1604 1619 (Pausan.
1633 1560 1721 1620 III,
1754 1559 1834 1621 11,
1863 1560 1937 1618 2.)

330 1654 515 1721 Ephori
542 1655 738 1704 nomine
767 1654 979 1704 civitatis
1009 1655 1260 1703 mensibus
1287 1653 1493 1717 singuliS
1527 1654 1791 1720 jurabant,
1833 1672 2031 1703 conser-

189 1745 386 1789 vaturos
413 1756 463 1788 se
491 1756 700 1803 regnum
728 1738 856 1801 regis
884 1739 1256 1798 inconcussum,
1301 1737 1340 1784 si
1381 1737 1579 1801 quidem
1619 1738 1723 1803 ipse
1758 1755 1897 1786 suum
1928 1739 2033 1804 jus-

181 1821 448 1887 jurandum
474 1829 642 1872 sancte
671 1823 952 1871 servaverit.
1000 1822 1075 1881 (X
1090 1837 1113 1869 e
1130 1838 1159 1868 n
1178 1838 1204 1868 0
1222 1839 1253 1885 p
1271 1819 1303 1868 11
1318 1836 1405 1868 011.
1448 1821 1487 1869 L
1503 1838 1531 1869 a
1547 1838 1572 1869 c
1589 1837 1613 1868 e
1632 1820 1661 1868 d
1677 1838 1705 1869 a
1721 1838 1746 1869 e
1761 1838 1822 1870 111.
1865 1839 1888 1869 1·
1902 1836 1926 1868 0
1943 1839 1964 1867 3
1980 1838 2025 1885 p.

190 1903 298 1965 XV,
328 1905 402 1965 7.)

333 1987 435 2037 Soli
463 1989 647 2055 Ephori
682 2006 780 2037 non
822 1988 1160 2053 adsurgebant
1201 2004 1367 2037 coram
1408 1987 1606 2052 regibus
1635 1987 1693 2036 de
1722 1986 1851 2037 sedis
1879 1986 2030 2053 epho-

190 2071 314 2120 ricis.
355 2073 403 2132 (I
425 2072 545 2122 bid.
576 2073 649 2132 6.)

332 2168 370 2217 Ii
411 2168 555 2216 etiam
596 2167 932 2216 observabant
971 2184 1147 2217 uxores
1187 2183 1385 2230 regum,
1427 2173 1479 2215 ut
1520 2165 1682 2231 quoad
1711 2166 1815 2215 fieri
1842 2173 2030 2232 potest,

189 2268 272 2301 rex
301 2264 487 2300 11011οΧ
516 2252 610 2300 alio
640 2269 786 2317 quam
813 2251 1186 2301 Heraclidarum
1211 2267 1393 2314 genere
1424 2250 1643 2299 oriretur.
1673 2250 1906 2310 (Plato.
1935 2248 2030 2299 Al-

189 2335 423 2385 cibiad.
459 2335 752 2396 I.121,B.)

333 2432 518 2498 Ephori
546 2450 697 2497 quum
735 2433 1075 2496 magistratum
1113 2433 1388 2492 iniverunt,
1429 2430 1619 2478 civibus
1648 2428 1935 2490 edixerunt,
1977 2436 2030 2478 ut

191 2523 457 2581 mystacem
485 2515 738 2573 raderent,
778 2533 834 2565 ac
862 2515 1054 2579 legibus
1083 2516 1300 2565 animum
1327 2514 1667 2575 adverterent,
1709 2529 1770 2561 ne
1797 2530 1883 2562 eae
1910 2512 2029 2579 ipsis

191 2608 353 2649 essent
379 2598 619 2648 difficiles.
672 2600 744 2647 De
783 2605 1001 2663 mystace
1043 2598 1135 2647 hoe
1160 2598 1270 2647 ideo
1299 2603 1690 2662 praeceperunt,
1730 2603 1783 2644 ut
1809 2595 1859 2644 in
1886 2596 2026 2644 mini-

191 2684 281 2732 mis
334 2699 526 2748 quoque
578 2682 724 2731 rebus
775 2681 901 2731 (licto
953 2681 1205 2731 audientes
1248 2698 1352 2731 esse
1391 2682 1597 2746 juvenes
1649 2679 2027 2729 assuefacerent.

191 2766 550 2828 (Plutarch.
590 2764 910 2815 Cleomen.
952 2766 1026 2825 9.)

333 2863 468 2926 Lege
509 2861 750 2910 sancitum
790 2870 918 2922 erat,
959 2870 1011 2910 ut
1050 2862 1172 2910 liber
1215 2860 1508 2910 Dicaearchi
1561 2859 1630 2908 de
1681 2859 2030 2925 republica

193 2944 666 3011 Spartanorum
717 2946 981 3010 quotannis
1021 2945 1071 2992 in
1112 2944 1422 3010 Ephororum
1461 2943 1707 3009 praetorio
1758 2943 2028 3008 puberibus

193 3028 583 3079 auscultantibus
623 3028 899 3091 legeretur3
951 3028 1081 3093 quod
1121 3029 1270 3092 longo
1308 3035 1529 3091 tempore
1569 3026 1658 3075 fuit
1696 3026 2025 3076 observatum.

193 3109 253 3170 (S
269 3111 453 3162 uidas
482 3130 515 3161 3.
545 3131 589 3160 v.
618 3111 974 3173 Δικαίαρχος.)

333 3207 518 3272 Ephori
559 3224 690 3256 nono
732 3224 926 3271 quoque
966 3223 1095 3254 anno
1126 3213 1322 3254 noctem
1351 3221 1576 3254 serenam
1604 3213 1652 3254 et
1678 3205 1860 3253 lunaris
1886 3202 2024 3251 lumi-

192 3289 267 3337 nis
296 3308 498 3340 vacuam
524 3289 884 3347 observabant,
925 3306 1128 3353 eamque
1169 3289 1324 3348 nacti,
1365 3289 1498 3337 taciti
1535 3288 1855 3338 considebant
1880 3295 2026 3349 atque

192 3372 240 3419 in
268 3374 455 3423 eoelum
482 3374 808 3423 intuebantur.
857 3372 1044 3432 Quodsi
1070 3379 1171 3420 tum
1202 3372 1263 3419 ab
1292 3389 1388 3420 una
1410 3380 1549 3437 parte
1578 3374 1626 3420 in
1656 3373 1857 3421 alteram
1885 3370 2026 3419 stella

1689 3455 1743 3494 29
