2161 3673
274 214 366 261 138
987 227 1066 257 μισ·
1094 224 1372 256 PUssmch.

264 358 505 405 revocabo
533 373 623 404 nec
650 355 822 419 capitis
850 354 1125 409 damnatos,
1153 366 1311 413 neque
1339 366 1447 409 eos,
1478 351 1559 414 qui
1587 356 1816 410 manent,
1846 350 2095 415 expellam

263 447 434 487 contra
470 437 603 501 leges
643 444 865 501 receptas
904 441 951 481 et
991 432 1191 480 decreta
1229 433 1400 497 populi
1441 431 1754 481 Atheniensis
1795 440 1843 481 et
1867 438 2092 491 senatus,

263 538 419 586 neque
458 522 561 586 ipse
601 537 718 582 ego,
761 534 918 582 neque
957 515 1106 564 alium
1145 515 1316 564 sinam.
1370 517 1475 565 Nec
1513 516 1854 580 magistratum
1887 515 2093 575 creabo,

263 611 316 652 ut
341 603 677 667 magistratum
716 600 863 648 obeat
888 599 969 665 qui
998 598 1058 647 de
1086 597 1182 646 alio
1222 605 1367 662 gestu
1407 598 1698 664 magistratu
1739 598 1955 646 rationes
1993 615 2093 646 non

259 687 504 744 retulerit,
545 684 646 733 sive
687 683 833 732 fuerit
872 681 1133 731 novemvir
1158 680 1262 729 sive
1290 681 1659 730 hieromnemon
1686 681 1789 730 sive
1816 681 2095 746 quicunque

260 769 567 831 magistratus
593 783 703 814 cum
729 765 1031 814 novemviris
1061 764 1235 813 eodem
1261 764 1340 813 die
1369 773 1625 827 creantur,
1654 765 1757 814 sive
1784 781 1964 831 praeco
1991 763 2094 812 sive

258 851 449 914 legatus
475 849 578 897 sive
603 866 848 912 assessor-3
873 866 1033 914 neque
1059 854 1112 897 ut
1137 848 1214 897 bis
1241 848 1451 898 eundem
1477 849 1819 912 magistratum
1845 847 1976 896 idem
2001 846 2091 907 vir,

258 949 416 996 neque
443 938 495 979 ut
520 930 645 980 duos
671 932 989 995 magistratus
1026 930 1159 979 idem
1195 939 1337 995 gerat
1375 931 1545 981 eodem
1571 950 1717 981 anno.
1769 932 1940 996 Neque
1969 929 2093 977 acci-

257 1015 389 1080 piam
416 1014 546 1063 dona
584 1022 789 1080 propter
819 1014 1060 1080 judicium
1097 1013 1176 1063 vel
1214 1014 1318 1080 ipse
1347 1031 1440 1077 ego
1468 1015 1548 1063 vel
1575 1015 1837 1080 quisquam
1862 1013 1987 1061 alius
2014 1012 2094 1061 vel

255 1097 351 1145 alia
376 1116 465 1163 pro
492 1114 595 1159 me,
625 1116 702 1147 me
729 1098 954 1157 conscio,
983 1115 1085 1147 non
1113 1096 1313 1157 fraude,
1342 1115 1445 1145 non
1472 1096 1838 1146 machinatione
1865 1095 1979 1145 ulla.
2031 1095 2095 1143 Et

255 1187 399 1228 natus
424 1199 533 1229 sum
558 1198 712 1230 annos
738 1199 837 1230 non
865 1181 1026 1229 minus
1054 1199 1202 1245 quam
1241 1180 1458 1244 triginta.
1512 1181 1575 1229 Et
1601 1180 1799 1229 audiam
1823 1187 1927 1227 tum
1951 1195 2092 1228 accu-

254 1269 468 1312 satorem
507 1271 611 1313 tum
649 1282 788 1313 reum
826 1282 985 1329 aequo
1025 1265 1185 1313 animo
1214 1265 1413 1327 ambos,
1455 1271 1504 1314 et
1530 1264 1826 1314 sententiam
1853 1262 1913 1311 de
1941 1279 1999 1310 eo
2026 1261 2093 1311 fe-

254 1363 385 1405 ram,
427 1347 560 1412 quod
587 1354 660 1396 est
684 1348 736 1395 in
763 1347 1102 1396 controversia
1128 1347 1359 1413 positum.

395 1428 583 1494 Adjuro
620 1431 828 1491 Jovem,
870 1431 1185 1496 Neptunum,
1227 1431 1488 1491 Cererem,
1529 1439 1577 1480 et
1614 1430 1858 1496 imprecor
1890 1430 2093 1480 exitium

255 1512 372 1559 mihi
411 1513 505 1577 ipsi
546 1521 594 1561 et
634 1513 846 1562 familiae
886 1531 1051 1573 meae,
1091 1515 1130 1563 si
1171 1515 1286 1579 quid
1324 1515 1501 1564 horum
1527 1523 1866 1578 transgressus
1893 1514 2093 1575 fuerim,

254 1595 329 1642 sin
356 1595 490 1645 bona
516 1596 611 1645 fide
638 1597 995 1663 praestiterim,
1035 1598 1188 1647 multa
1215 1598 1333 1646 mihi
1361 1600 1494 1648 bona
1519 1599 1821 1662 contingant.

1115 1707 1230 1756 563.

382 1790 528 1844 ’Ἐστι
558 1795 606 1846 δὲ
634 1801 723 1846 καὶ
753 1803 808 1846 ἐν
833 1798 907 1862 τιῇ
933 1796 1101 1864 ὅρκῳ·
1144 1803 1251 1865 περὶ
1288 1793 1361 1850 ὦν
1387 1797 1456 1848 ἂν
1484 1797 1630 1863 νόμοι
1653 1797 1721 1862 μή
1750 1802 1872 1856 εἰσι,
1918 1796 2091 1865 γνώμῃ

253 1879 311 1942 τῇ
339 1877 639 1943 δικαιοτάτῃ
669 1885 986 1946 ψηφιεῖσθαι.
1401 1885 1605 1946 (Pollux
1633 1885 1770 1945 VIII,
1803 1884 1949 1944 122.)

1119 1958 1234 2006 563.

397 2036 483 2084 Est
521 2055 640 2087 vero
678 2039 728 2086 in
758 2039 1084 2104 jurejurando
1111 2041 1203 2089 hoc
1231 2058 1451 2105 quoque:
1493 2040 1553 2089 de
1580 2039 1757 2106 quibus
1783 2039 1930 2088 rebus
1956 2038 2093 2103 leges

252 2119 416 2168 nullae
444 2128 584 2181 sunt,
603 2121 922 2185 justissimam
949 2141 1000 2171 se
1029 2124 1214 2172 laturos
1241 2123 1551 2171 sententiam.

1034 2315 1106 2373 Τμ
1116 2309 1214 2373 ἧμα
1252 2309 1303 2374 β’
1313 2352 1321 2361 .

657 2408 850 2467 Πιρὶ
917 2404 1160 2453 ἰδίων
1222 2406 1690 2464 διαιτητῶν.

1052 2574 1214 2623 Sectio
1254 2575 1297 2623 2.

798 2669 884 2716 De
925 2669 1211 2733 privatis
1251 2670 1542 2718 arbitris.

399 2881 655 2935 Altquzcu'
683 2883 778 2928 eloi
808 2900 935 2936 τινες
964 2880 1064 2928 τῶν
1093 2880 1368 2928 ἰδιωτικῶν
1394 2886 1578 2944 κριταί.

1092 2967 1317 3026 (Bekker
1345 2961 1528 3016 Anecd.
1557 2985 1628 3031 gr.
1660 2968 1695 3016 Ι.
1725 2985 1770 3032 p.
1799 2966 1944 3025 235.)

1119 3073 1233 3121 564.

400 3150 583 3200 Arbitri
611 3163 721 3203 sunt
746 3157 945 3221 quidam
971 3173 1129 3206 rerum
1158 3156 1459 3222 privatarum
1477 3156 1685 3222 judices.

1113 3263 1228 3311 565.

400 3349 650 3410 Δικαστὴς
689 3357 776 3401 καὶ
817 3355 1063 3416 διαιτητὴς
1103 3355 1323 3419 διαφέρει
1343 3373 1352 3382 ·
1382 3353 1617 3414 δικαστὴς
1648 3357 1747 3417 μὲν
1771 3354 1865 3422 γάρ
1892 3360 2028 3404 ἐστιν
2053 3349 2081 3402 ὁ
