2114 3642
572 221 977 256 COMMENTARIUS
1005 219 1074 252 AD
1102 215 1208 251 1569.
1236 216 1340 251 1574.
1369 214 1473 251 1575.
1839 203 1940 250 643

319 347 417 397 Sed
446 356 606 399 tamen
635 358 687 398 ut
714 350 928 398 monitus
956 364 1157 407 caveaS,
1185 365 1246 396 ne
1274 347 1397 396 forte
1424 346 1592 409 negoti

318 433 531 481 Incutiat
558 432 645 481 tibi
673 432 787 496 quid
816 439 1095 481 sanctarum
1121 431 1312 480 inscitia
1338 431 1530 494 legum:

318 514 370 564 Si
397 515 526 564 mala
553 514 830 563 condiderit
856 515 905 562 in
934 531 1078 578 quem
1106 515 1211 578 quis
1239 513 1480 574 carmina,
1516 513 1619 577 jus
1652 520 1749 561 est

319 597 800 661 ‹Iudiciumque

867 666 964 718 Ad
989 666 1177 719 1569.

247 775 540 824 Plutarchus
579 775 628 822 in
670 774 849 824 Solone
891 776 984 823 21:
1017 772 1331 822 'Enawelwcc
1374 774 1468 821 τοῦ
1506 771 1746 828 Σόλωνος
1786 774 1874 820 καὶ
1915 767 1942 819 ὁ

104 855 320 905 κωλύων
348 855 502 919 νόμος
528 854 620 904 τὸν
646 856 934 914 τεθνηκότα
962 856 1136 911 κακῶς
1164 853 1442 922 ἀγορεύειν,
1494 858 1775 917 (Laudatur
1804 857 1943 908 Solo-

103 943 177 991 nis
206 949 252 991 et
279 942 363 991 illa
389 942 495 1001 lex,
537 959 634 1006 qua
661 942 814 990 vetuit
842 943 1045 991 mortuis
1072 941 1408 1001 maledicere.)

245 1024 495 1074 Demosth.
525 1024 634 1074 adv.
665 1026 831 1074 Boeot.
861 1027 922 1085 ΙΙ,
960 1026 1117 1073 1022:
1147 1021 1291 1081 Μηδὲ
1318 1021 1439 1078 τούς
1465 1022 1569 1071 τῶν
1596 1018 1767 1071 ἄλλων
1795 1026 1943 1072 πατέ-

103 1126 189 1169 ρας
215 1105 389 1163 κακῶς
416 1109 578 1173 λέγειν
604 1106 897 1162 τεθνεῶτας.
954 1110 1054 1168 (Ne
1089 1109 1294 1157 aliorum
1324 1109 1520 1174 quidem
1547 1109 1771 1173 patribus
1798 1109 1944 1158 male-

102 1192 197 1241 dici
222 1192 466 1252 mortuis.)

246 1276 364 1325 Lex.
394 1275 512 1324 rhet.
542 1275 601 1323 ad
629 1276 809 1324 calcem
827 1275 990 1323 Photii
1018 1293 1063 1339 p.
1082 1275 1177 1322 671
1202 1294 1210 1321 :
1234 1272 1361 1320 Ἐάν
1388 1293 1458 1329 τις
1485 1273 1661 1329 κακῶς
1686 1272 1803 1337 εἴπῃ
1829 1272 1943 1323 τινά

102 1356 206 1406 τῶν
233 1361 646 1420 κατοιχομένων,
675 1352 781 1403 κᾶν
807 1350 911 1403 ὑπὸ
940 1354 1042 1403 τῶν
1069 1359 1275 1404 ἐκείνου
1305 1355 1501 1405 παίδων
1528 1354 1727 1419 ἀκούσῃ
1755 1358 1944 1415 κακῶς,

104 1444 440 1496 πεντακοσίας
479 1437 881 1493 καταδικασθεὶς
921 1433 1057 1498 ὦφλε
1096 1438 1167 1502 τῷ
1197 1440 1451 1504 δημοσίῳ,
1492 1439 1769 1504 τριάκοντα
1797 1440 1847 1490 δὲ
1874 1440 1945 1505 τῷ

104 1522 288 1586 ἰδιώτῃ.
335 1520 346 1534 ς
370 1526 597 1587 Υπερίὸης
638 1524 685 1569 δὲ
727 1526 781 1570 ἐν
821 1521 891 1585 τῴ
932 1520 1065 1569 κατὰ
1107 1526 1381 1586 Δωροθέου
1416 1526 1588 1585 χιλίας
1609 1528 1706 1587 μὲν
1737 1524 1945 1588 ζημιοῦ-

103 1610 254 1663 σθαι,
292 1604 383 1655 ἐάν
422 1605 541 1661 τούς
582 1608 1014 1667 κατοιχομένους,
1055 1608 1204 1665 φησί,
1247 1609 1586 1664 πεντακοσίας
1626 1606 1671 1655 δ’
1697 1606 1788 1658 ἐάν
1828 1607 1947 1663 τούς

104 1690 305 1749 ζῶντας.
350 1691 429 1752 (Si
458 1692 566 1755 quis
593 1692 650 1739 de
678 1690 912 1739 defuncto
942 1691 1106 1755 aliquo
1142 1692 1377 1756 injuriose
1406 1693 1716 1758 loqueretur,
1758 1695 1946 1743 etiamsi

102 1775 234 1840 apud
260 1775 444 1824 liberos
473 1776 577 1840 ejus
604 1774 729 1823 male
758 1774 972 1834 audiret⁷
1017 1774 1374 1825 condemnatus
1407 1777 1704 1842 quingentas
1731 1776 1944 1843 publico,

101 1859 304 1923 triginta
343 1858 600 1907 drachmas
641 1857 836 1922 privato
883 1857 1109 1908 debebat.
1164 1859 1442 1925 Hyperides
1482 1859 1598 1909 vero
1638 1861 1687 1909 in
1726 1862 1947 1911 oratione

102 1950 279 1991 contra
317 1942 623 1991 Dorotheum
664 1942 795 1990 mille
835 1942 1076 1991 drachmis
1116 1943 1340 1993 mulctari
1368 1945 1485 1994 dicit
1513 1963 1594 1994 eos
1621 1945 1703 2011 qui
1730 1944 1790 1993 de
1817 1962 1944 1993 mor-

102 2027 221 2087 tuis⁷
264 2026 542 2090 quingentis
582 2033 664 2075 e'os
693 2025 774 2089 qui
803 2024 859 2074 de
889 2026 1002 2074 vivo
1031 2027 1193 2091 aliquo
1221 2028 1454 2092 injuriose
1481 2029 1838 2093 loquerentur.)

873 2153 971 2206 Ad
999 2154 1188 2208 15⁷4.

247 2265 322 2315 Cf.
353 2264 513 2313 Photii
541 2266 705 2314 Lexic.
741 2265 860 2314 rhet.
901 2284 936 2313 s.
965 2284 1010 2314 v.
1050 2259 1211 2328 ὕβρις.
1259 2296 1320 2300 —
1361 2267 1414 2316 C.
1457 2268 1548 2317 Fr.
1591 2268 1866 2317 Hei-man
1884 2269 1943 2316 ni

103 2348 354 2413 symbolas
381 2348 443 2396 ad
471 2348 741 2397 doctrinam
760 2349 886 2412 juris
903 2347 1054 2397 Attici
1071 2349 1129 2398 de
1156 2350 1446 2415 injuriarum
1474 2351 1764 2400 actionibus,
1795 2350 1943 2410 (Got-

102 2432 269 2495 tingae
301 2432 478 2492 1847.)
865 2500 964 2553 Ad
989 2501 1158 2554 1⁵⁷⁵

246 2609 498 2659 Demosth.
528 2611 577 2660 in
592 2612 857 2662 Timocrat.
875 2613 1003 2660 736:
1034 2610 1101 2658 Εἴ
1121 2630 1194 2667 τις
1220 2609 1361 2658 ἰδίαν
1387 2608 1540 2669 δίκην
1567 2610 1760 2670 κλοπῆς
1786 2608 1942 2678 ἁλῴη,

111 2686 360 2755 ὑπάρχειν
380 2694 478 2755 μὲν
505 2690 646 2756 αὐτῷ
688 2692 745 2741 δι
763 2715 794 2740 π
812 2698 839 2742 λ
856 2692 885 2741 ά
904 2712 961 2742 σι
978 2714 1005 2742 ο
1025 2714 1052 2742 ν
1093 2691 1327 2742 ἀποτῖσαι
1367 2691 1423 2741 τὸ
1465 2698 1677 2757 τιμηθέν
1693 2710 1703 2721 ·
1743 2715 1943 2759 προςτι-

99 2774 253 2839 ,ιιῆσαι
302 2776 346 2821 δ’
386 2779 565 2833 ἐξεῖναι
618 2776 691 2840 τῷ
742 2777 1048 2842 δικαστηρίῳ
1100 2775 1221 2841 πρὸς
1270 2777 1340 2841 τῷ
1382 2773 1608 2844 ἀργυρίῳ
1649 2777 1837 2842 δεσμὸν
1871 2781 1943 2845 τῷ

105 2861 290 2920 κλέπτῃ
309 2895 319 2914 ,
360 2861 506 2906 πένθ’
536 2854 714 2923 ἡμέρας
740 2863 830 2907 καὶ
859 2858 1050 2916 νύκτας
1078 2860 1214 2917 ἴσας,
1255 2856 1386 2917 ὅπως
1413 2855 1575 2925 δρῷεν
1602 2857 1817 2920 ἅπαντες
1843 2860 1942 2912 αὕ-

104 2939 195 2989 τὸν
223 2940 502 3004 δεδεμένον.
559 2943 639 3005 (Si
677 2945 784 3010 quis
823 2945 1016 3010 privato
1049 2945 1234 3010 judicio
1269 2946 1382 2994 furti
1409 2947 1662 2996 convictus
1688 2948 1860 3013 fuerit,
1901 2950 1941 2999 ei

106 3027 255 3076 licere
283 3026 488 3091 duplum
515 3028 708 3077 solvere
734 3029 1017 3077 aestimatae
1047 3028 1166 3088 litis,
1195 3029 1280 3078 sed
1308 3046 1460 3095 penes
1479 3030 1671 3095 judices
1700 3049 1831 3092 esse,
1870 3033 1942 3082 fu-

106 3127 210 3158 rem
236 3118 433 3175 praeter
460 3119 719 3174 argentum
746 3113 945 3176 insuper
972 3111 1033 3160 ad
1062 3112 1275 3176 quinque
1314 3113 1499 3161 dierum
1527 3115 1829 3181 totidemque
1856 3134 1941 3165 no-

107 3194 256 3241 ctium
284 3195 481 3242 vincula
507 3194 768 3252 damnare,
813 3203 864 3243 ut
890 3212 1061 3244 onmes
1089 3211 1199 3243 eum
1229 3196 1445 3244 vinctum
1471 3214 1576 3246 esse
1604 3198 1848 3256 videant.)

250 3277 323 3325 Ex
350 3277 442 3326 hoc
468 3277 810 3327 Demosthenis
840 3280 941 3327 loco
970 3286 1126 3344 patet,
1156 3297 1256 3328 non
1284 3297 1390 3329 esse
1417 3282 1730 3332 scribendum
1756 3282 1804 3333 in
1832 3283 1941 3349 lege

109 3356 485 3414 δεκαπλασίαν,
529 3367 580 3409 ut
606 3360 712 3409 libri
742 3362 952 3414 faciunt.
995 3363 1079 3410 sed
1109 3360 1390 3414 διπλασίαν.

1574 3446 1660 3489 41*
