2114 3642
495 226 902 258 COMMENTARIUS
931 227 997 257 ,m
1029 224 1107 257 773.
1139 226 1216 257 :75.
1248 226 1330 258 776.
1360 227 1439 257 777.
1472 224 1551 257 783,
1849 209 1949 256 517

884 361 983 413 Ad
1017 362 1166 414 773.

246 470 394 536 Apud
423 472 671 518 Romanos
700 471 749 517 iu
777 471 889 518 ΧΠ.
920 471 1097 518 tabulis
1125 471 1191 518 ita
1226 472 1461 536 scriptum
1503 478 1630 519 erat:
1675 477 1819 530 „ante
1849 487 1946 517 me-

103 554 272 602 ridiem
315 572 509 602 causam
551 553 830 607 coniciunt,
872 572 982 602 eum
1021 564 1255 618 perorant
1294 555 1440 602 ambo
1481 560 1774 617 praesentes.
1830 552 1945 599 Post

103 637 353 685 meridiem
381 636 625 701 praesenti
653 635 788 684 litem
815 635 1042 684 addicito,
1095 635 1144 683 Si
1173 637 1315 683 ambo
1355 644 1663 701 praeseuteS,
1705 635 1776 682 sol
1804 651 1941 681 occa-

105 737 184 768 sus
202 737 428 784 suprema
445 726 710 783 tempestas
734 720 886 767 est0.“
919 720 991 779 (G
1011 739 1033 768 e
1052 721 1065 767 l
1084 720 1094 766 1
1114 721 1124 766 i
1144 738 1172 767 u
1191 738 1211 766 s
1239 721 1325 768 No
1341 727 1412 767 ct.
1444 718 1483 766 A
1500 728 1518 766 t
1534 728 1562 767 t.
1595 718 1755 778 XVII,
1772 718 1815 776 2,
1838 718 1944 775 10.)

242 813 406 862 Trinis
433 814 606 862 litteris
634 814 711 863 vel
739 816 935 874 edictis,
971 824 1054 863 aut
1080 833 1178 862 uuo
1207 834 1296 880 pro
1325 815 1550 863 omnibus
1579 814 1720 873 dato,
1750 820 1833 862 aut
1863 813 1944 860 tri-

100 915 163 945 na
189 896 561 946 denuntiatione
589 907 865 946 conventus
893 899 983 946 nisi
1012 898 1073 946 ad
1094 898 1338 963 judicem,
1375 897 1436 945 ad
1465 915 1609 961 quem
1637 898 1727 946 sibi
1755 897 1944 946 denun-

98 980 271 1028 tiatum
309 987 407 1041 est,
449 987 533 1029 aut
574 981 710 1045 cujus
749 981 923 1030 litteris
963 983 1041 1031 vel
1080 981 1237 1030 edicto
1278 988 1549 1029 conventus
1589 987 1683 1041 est,
1727 979 1944 1040 venerit,

100 1063 236 1128 quasi
264 1064 311 1111 in
341 1070 675 1112 contumacem
705 1064 833 1113 dicta
859 1065 1102 1114 sententia
1141 1064 1483 1113 auctoritatem
1519 1081 1682 1111 rerum
1701 1063 1943 1128 judicat-a-

100 1165 208 1196 rum
235 1147 454 1196 obtinet:
483 1148 600 1212 quin
627 1148 726 1196 imo
755 1166 845 1197 nec
873 1149 1107 1214 appellari
1136 1154 1299 1213 potest-
1325 1148 1388 1196 ab
1418 1165 1487 1195 ea.
1529 1147 1593 1207 (J
1608 1147 1727 1195 ulii
1756 1146 1944 1194 Pauli

100 1231 270 1280 Sent.
300 1231 360 1293 V,
393 1233 437 1293 5,
468 1232 541 1290 7.)

882 1311 982 1364 Ad
1012 1312 1162 1364 775.

241 1423 378 1471 Haec
406 1423 660 1487 composui
688 1440 712 1469 e
739 1422 1086 1470 Demosthenis
1127 1421 1315 1470 verbis:
1345 1415 1591 1466 ''Ewoav
1632 1416 1750 1474 τούς
1791 1418 1941 1465 δικα-

98 1501 215 1559 στάς
248 1506 570 1568 ψηφίσασθαι
602 1502 682 1561 τῆς
711 1502 854 1561 δίκης
881 1508 1013 1551 ἕνεκ’
1042 1501 1242 1551 ἀπεῖναι
1272 1506 1477 1550 τουτονὶ
1508 1505 1595 1549 καὶ
1616 1499 1678 1549 οὐ
1710 1501 1940 1566 δημοσίᾳ.

106 1591 472 1650 Ψηφισαμένων
499 1586 546 1634 δὲ
576 1574 736 1635 ταῦτα
763 1588 864 1635 τῶν
891 1586 1147 1635 δικαστῶν
1174 1585 1447 1653 διέγραψεν
1486 1580 1512 1635 ὁ
1554 1581 1728 1648 ἄρχων
1769 1605 1892 1632 κατ
1910 1582 1942 1631 ά

97 1668 212 1718 τὸν
252 1669 466 1733 νόμον
503 1669 596 1729 τήν
635 1678 854 1719 τουτουί
886 1668 1273 1734 ἀμφισβήτησιν.
1342 1673 1732 1732 (Persuaserunt
1766 1671 1939 1736 judici-

95 1755 212 1817 bus,
242 1764 294 1804 ut
321 1756 668 1815 decernerent,
701 1757 873 1821 judicii
903 1774 1050 1804 causa
1078 1756 1251 1804 abesse
1279 1757 1451 1815 istum,
1494 1774 1593 1803 non
1621 1754 1819 1819 publico
1846 1771 1937 1801 no-

96 1840 240 1886 mine.
292 1839 436 1899 Quod
466 1857 612 1903 quum
632 1839 824 1904 judices
853 1840 1214 1898 decrevissent,
1254 1838 1437 1887 archon
1475 1839 1611 1886 istius
1652 1837 1939 1903 postulatio·

96 1938 208 1970 nem
249 1939 274 1970 e
313 1922 458 1985 lege
498 1922 736 1971 abolitam
763 1921 1004 1988 scripsit.)

876 2072 976 2125 Ad
1006 2075 1156 2126 776.

238 2183 314 2232 Cf.
343 2183 506 2232 Schol.
536 2185 584 2231 in
600 2183 854 2232 Demosth.
873 2183 1071 2232 Midian.
1090 2185 1206 2243 542,
1229 2185 1304 2232 12.
1335 2185 1513 2232 Lexica
1532 2183 1731 2245 Seguer.
1749 2201 1795 2247 p.
1818 2183 1928 2230 199.

95 2256 302 2319 Gregor.
333 2255 553 2304 Corinth.
582 2256 642 2304 ad
672 2256 975 2318 Hermogen.
1004 2256 1217 2304 method.
1248 2256 1494 2320 eloquent.
1527 2255 1675 2302 1120.
1705 2272 1742 2303 c.
1772 2255 1832 2303 II.

874 2407 973 2459 Ad
1003 2410 1153 2460 777.

235 2517 309 2565 Cf.
340 2516 498 2565 Schol.
528 2518 577 2565 in
604 2518 858 2567 Demosth.
888 2519 1084 2567 Midian.
1116 2519 1230 2577 513,
1266 2518 1340 2566 13.
1385 2517 1543 2564 Photii
1573 2517 1710 2565 lexic.
1741 2534 1784 2580 p.
1816 2516 1931 2563 267.

93 2600 275 2649 Lexica
302 2600 504 2663 Seguer.
533 2619 577 2666 p.
607 2601 720 2650 2¹78.

881 2670 980 2722 Ad
1016 2671 1165 2723 783.

235 2779 462 2829 Aeschin.
491 2798 528 2829 c.
557 2780 803 2829 Timarch.
833 2778 874 2845 ξ.
905 2781 996 2828 91:
1039 2779 1154 2827 Τῶν
1181 2778 1490 2827 λωποδυτῶν
1520 2775 1546 2836 ἢ
1579 2778 1674 2826 τῶν
1701 2779 1932 2826 κλεπτῶν

94 2857 122 2918 ἢ
150 2861 250 2909 τῶν
271 2861 475 2924 μοιχῶν
503 2858 530 2919 ἢ
557 2861 657 2908 τῶν
685 2858 1025 2924 ἀνδροφόνων
1068 2858 1096 2920 ἢ
1134 2862 1235 2909 τῶν
1274 2860 1333 2909 τά
1365 2865 1573 2928 μέγιστα
1603 2860 1931 2910 ἀδικούντων

93 2945 140 2991 οἱ
172 2947 267 3006 μὲν
305 2950 390 2993 ἐπ’
443 2942 813 3008 αὐτοφώρῳ
854 2939 1085 3001 ἁλόντες,
1137 2943 1228 2993 ἐὰν
1261 2948 1359 3007 μὲν
1398 2940 1715 3013 ὁμολογῶσι,
1768 2966 1930 3009 παραἢ

88 3027 260 3089 χρῆμα
291 3026 502 3092 θανάτῳ
532 3028 827 3090 ζημιοῦνται
849 3066 858 3084 ,
889 3030 933 3075 οἱ
965 3027 1012 3076 δὲ
1039 3027 1286 3084 λαθόντες
1314 3033 1401 3076 καὶ
1433 3031 1629 3095 ἔξαρνοι
1661 3030 1927 3097 γενόμενοι

92 3112 358 3172 κρίνονται
386 3117 442 3160 ἐν
468 3118 571 3166 τοῖς
599 3108 952 3173 δικαστηρίοις.
1009 3112 1326 3174 (Grassator,
1368 3123 1451 3163 aut
1478 3116 1583 3176 fur,
1612 3125 1697 3164 aut
1722 3115 1926 3172 adult-er.

92 3201 178 3241 aut
202 3193 472 3257 homicida,
515 3203 599 3244 aut
636 3196 1033 3258 gravissimorum
1074 3195 1312 3244 sceierum
1353 3206 1571 3262 patrator
1596 3200 1646 3246 in
1673 3200 1778 3264 ipso
1808 3200 1927 3247 faci-

92 3294 210 3324 nore
240 3277 558 3343 deprehensi,
595 3278 633 3326 si
662 3278 928 3339 fateantur,
958 3279 1121 3327 statim
1147 3280 1461 3343 oeciduntur3
1501 3283 1581 3347 qui
1610 3290 1770 3331 autem
1800 3282 1922 3330 clam

91 3359 313 3410 fecerunt
340 3359 675 3429 etzinficiando
704 3369 842 3423 sunt,
871 3363 918 3410 in
938 3363 1180 3428 judicium
1206 3363 1557 3424 adducuntur.)
