2114 3642
575 307 640 339 DE
671 306 868 338 GENERE
894 306 955 338 ET
982 304 1325 340 COGNATIONE.
1769 293 1864 341 341

876 431 1025 480 1317.

177 532 447 598 Propingui
474 538 587 580 sunt
614 530 696 594 qui
724 546 748 577 e
777 528 1011 577 fratribus
1040 536 1086 576 et
1115 530 1449 593 patruelibus,
1487 531 1605 580 item
1632 547 1657 579 e
1685 532 1870 597 patruis

35 624 83 666 et
108 616 362 666 avunculis
388 614 547 680 gradu
573 612 796 679 proximo
827 611 1122 674 contingunt
1149 612 1461 677 defunctum3
1489 614 1572 679 qui
1599 621 1762 663 autem
1789 632 1868 664 ex-

33 706 107 748 tra
131 699 244 760 hos,
283 706 398 748 sunt
425 698 663 747 duntaxat
700 712 861 759 cogn
878 694 980 742 ati.
1032 693 1096 743 At
1137 696 1219 758 qui
1262 713 1350 761 per
1375 704 1679 747 contractum
1703 699 1867 747 matri-

33 783 246 833 monium
272 781 467 832 familiis
496 781 701 831 admixti
729 786 868 840 sunt,
918 777 1145 828 dicuntur
1183 777 1511 830 familiare
1527 799 1562 830 s,

165 968 232 1020 ‘O
256 969 409 1035 ’νόμος
435 968 522 1025 τοὶς
550 966 840 1037 ἀγχιστείας
868 974 973 1024 τοῖς
999 965 1256 1036 ἐγγυτάτω
1283 970 1415 1035 γένει
1443 966 1738 1017 ἀποδίδωσι.

968 1054 1250 1116 (Demosth.
1279 1054 1517 1104 Leochar.
1550 1056 1728 1114 1081.)

883 1162 907 1210 1
918 1160 1032 1211 318.

173 1247 277 1298 Lex
304 1264 487 1313 genere
515 1246 751 1314 proximis
770 1246 852 1311 jus
880 1244 1260 1312 propinguitatis
1288 1244 1468 1294 tribuit.

177 1435 292 1486 Οὐκ
330 1441 576 1506 ἐγγυτέρω
615 1435 700 1495 τῆς
739 1433 1031 1503 ἀγχιστείας
1070 1437 1200 1483 εἰσιν
1238 1436 1284 1482 οἱ
1306 1433 1434 1499 μετά
1462 1456 1598 1494 τινος
1625 1436 1811 1499 φύντες
1841 1435 1871 1498 ἢ

32 1523 79 1570 οἱ
106 1522 166 1569 ἔκ
191 1541 326 1577 τινος
353 1518 641 1589 γεγονότες·
685 1521 729 1568 οἶ
765 1521 863 1583 μὲν
900 1517 998 1587 γάρ
1039 1515 1383 1581 ὀνομάζονται
1418 1528 1707 1587 συγγενεῖς,
1750 1523 1795 1570 οἱ
1826 1520 1869 1568 δ’

32 1607 256 1673 ἔκγονοι.
911 1604 1105 1664 (Isaeus
1133 1602 1192 1652 de
1221 1603 1385 1653 Ciron.
1417 1604 1517 1655 her.
1546 1604 1587 1671 ξ.
1616 1607 1726 1666 30.)

171 1800 227 1850 In
268 1799 693 1863 consanguinitate
735 1814 835 1845 non
874 1794 1180 1844 collaterales
1227 1795 1442 1859 aliquem
1480 1799 1681 1863 propius
1724 1801 1866 1849 attin=

31 1892 153 1949 gunt
190 1901 333 1949 quam
360 1882 744 1944 descendentes3
783 1879 924 1928 alteri
952 1879 1081 1927 enim
1106 1878 1253 1927 modo
1281 1887 1397 1928 sunt
1423 1883 1621 1944 cognati
1650 1883 1866 1949 alicujus,

32 1967 170 2016 alteri
198 1985 316 2017 vero
344 1974 458 2016 sunt
485 1983 545 2015 ex
575 1983 633 2015 eo
660 1964 775 2013 nati.

871 2034 1020 2083 1320.

177 2119 377 2184 Πατρός
418 2119 644 2187 θυγάτηρ
685 2120 930 2186 ἐγγυτέρω
968 2114 1060 2164 τοῦ
1103 2119 1280 2183 γένους
1319 2120 1456 2166 ἐστὶν
1497 2114 1797 2181 ἢάδελςιὸς·
1840 2118 1864 2181 ἦ·

24 2207 122 2268 μὲν
147 2202 243 2273 γὰρ
270 2209 320 2263 ἐξ
347 2207 553 2253 ἐκείνου
580 2207 806 2270 γέγονεν,
837 2196 863 2249 ὁ
896 2198 944 2249 δὲ
968 2205 1078 2264 μετ’
1106 2202 1326 2251 ἐκείνου.
1385 2202 1641 2269 Θυγατρὸς
1669 2203 1717 2253 δέ
1747 2213 1866 2252 παῖ-

32 2288 109 2346 δες
145 2291 388 2356 ἐγγυτέρω
430 2284 457 2346 1³)
496 2283 741 2348 ἀδελφὸς·
793 2288 936 2351 γένος
974 2281 1070 2351 γάρ
1111 2281 1220 2332 ἀλλ’
1261 2280 1382 2347 οὐχὶ
1423 2291 1686 2353 συγγένεια
1724 2288 1862 2337 τοῦτ’

30 2374 180 2421 ἐστίν.
907 2371 1100 2431 (Isaeus
1127 2369 1187 2419 de
1215 2368 1382 2419 Ciron.
1413 2370 1511 2420 her.
1541 2368 1583 2437 ξ.
1613 2372 1724 2433 33.)

871 2478 1020 2544 1330.

173 2564 331 2613 Patris
358 2564 459 2612 filia
485 2564 713 2629 proprius
741 2562 881 2612 abest
907 2580 936 2611 a
962 2564 1112 2628 stirpe
1148 2579 1294 2627 quam
1323 2563 1501 2626 frater3
1539 2561 1620 2611 illa
1648 2564 1778 2612 enim
1804 2581 1863 2614 ex

31 2650 138 2715 ipso
178 2655 296 2696 nata
336 2655 434 2707 est,
475 2646 624 2695 frater
662 2653 826 2695 autem
865 2645 1174 2695 solummodo
1216 2662 1327 2693 cum
1364 2646 1485 2711 ipso.
1538 2646 1699 2694 Etiam
1735 2647 1863 2696 filiae

28 2733 169 2782 liberi
210 2731 462 2798 propiores
501 2737 614 2778 sunt
639 2747 785 2795 quam
813 2730 987 2780 frater:
1028 2729 1120 2779 hoc
1160 2729 1290 2778 enim
1315 2746 1471 2792 genus
1505 2737 1600 2791 est,
1640 2747 1739 2779 non
1781 2748 1860 2780 co-

32 2817 214 2880 gnatio.

877 2886 1025 2934 1321.

179 2966 284 3018 Τὸν
308 2965 426 3017 υἱόν
452 2970 540 3015 καὶ
567 2965 660 3025 τὴν
690 2971 943 3034 θυγατέρα
983 2964 1297 3030 οἰκειότερον
1335 2964 1464 3013 εἶναι
1504 2963 1702 3031 ἑκάστῳ
1724 2966 1859 3029 μᾶλε

34 3057 124 3103 λον
152 3050 181 3112 ἢ
206 3051 299 3102 τὸν
325 3049 653 3113 ἀδελφιδοῦν.
866 3051 1144 3114 (Demosth.
1175 3050 1285 3100 adv.
1314 3050 1511 3099 Macart.
1540 3050 1718 3112 1057.)

878 3160 1027 3208 1321.

176 3243 327 3295 Filius
343 3251 391 3294 et
406 3244 504 3293 filia
516 3242 777 3307 unicuique
792 3243 939 3307 longe
955 3240 1262 3307 conjunctior
1276 3247 1362 3301 est,
1381 3255 1527 3306 quam
1542 3240 1703 3293 fratris
1718 3239 1856 3291 filius.

876 3353 1026 3401 1322.

180 3432 352 3485 Πάλιν
379 3430 406 3484 ὁ
434 3433 610 3491 υἱδοῦς
636 3436 724 3482 καὶ
753 3428 780 3481 ὁ
809 3438 869 3482 ἐκ
907 3433 991 3490 τῆς
1035 3429 1291 3500 θυγατρὸς
1320 3430 1450 3491 υἱὸς,
1493 3427 1635 3483 οὗτοι
1665 3431 1857 3482 οἶκε-ιώ
