2114 3642
116 233 219 281 450
731 241 1140 275 coMMEffiTARffls
1169 241 1236 272 AD
1264 240 1344 275 215.

118 375 344 440 trajicere
371 375 644 431 videretur,
687 386 826 432 reges
868 367 1051 432 aliquid
1080 367 1341 417 adversum
1369 369 1487 417 deos
1516 387 1745 434 peccasse
1766 371 1958 436 judica-

114 460 235 507 bant
261 473 565 522 regnumque
592 456 647 501 iis
674 452 998 515 abrogabant,
1028 451 1270 525 tantisper
1297 452 1413 500 dum
1442 452 1650 518 Delphis
1678 462 1761 502 aut
1788 453 1959 520 Olym-

113 541 198 606 pia
227 542 476 590 oraculum
504 538 704 585 allatum
733 542 884 594 esset,
927 533 1057 597 quod
1097 533 1340 583 damnatis
1380 536 1581 599 regibus
1623 537 1956 602 opitularetur.

116 623 466 683 (Plutarch.
513 619 675 682 Agis.
720 618 828 677 11.)

254 713 459 783 Ephoris
488 722 704 780 potestas
734 721 804 763 est
832 714 1127 775 mulctandi,
1171 732 1317 780 quem
1344 716 1521 774 velint,
1568 724 1615 764 et
1641 717 1803 766 subito
1831 719 1952 767 mul-

113 810 239 851 ctam
268 799 522 862 exigendi,
562 806 708 861 atque
750 798 895 846 etiam
935 798 1274 860 magistratus,
1318 799 1434 847 dum
1473 800 1634 848 adhuc
1661 817 1770 848 cum
1797 801 1950 867 impe-

113 885 182 934 rio
208 892 344 943 sunt,
385 882 465 930 vel
490 881 597 930 loco
625 881 881 941 movendi,
923 881 1003 928 vel
1043 881 1321 930 carceribus
1357 884 1755 948 constringendi,
1797 885 1873 933 vel
1898 886 1951 934 in

102 967 342 1031 judicium
381 965 438 1014 de
480 965 582 1013 vita
622 964 847 1013 vocandi.
898 964 1305 1029 (Xenophon.
1348 966 1722 1016 Lacedaem.
1763 968 1946 1034 Resp.

113 1050 247 1109 VIII,
278 1050 354 1110 4.)

250 1132 396 1198 Apud
425 1131 685 1181 Cretenses
706 1148 948 1180 summam
975 1138 1271 1196 potestatem
1299 1132 1591 1181 obtinebant
1610 1132 1778 1182 decem
1805 1132 1844 1182 C
1861 1152 1947 1183 os-

109 1217 211 1277 mi,
241 1216 323 1280 qui
351 1216 495 1264 etiam
521 1216 570 1264 in
596 1215 728 1264 bello
755 1216 1013 1279 imperium
1041 1215 1256 1264 obibant.
1310 1216 1422 1264 Non
1450 1216 1761 1278 eligebantur
1787 1225 1950 1267 autem

107 1317 167 1348 ex
193 1300 444 1361 omnibus,
483 1300 608 1347 sicut
648 1298 836 1365 Ephori
876 1298 1274 1360 Lacedaemone,
1312 1299 1398 1347 sed
1427 1316 1451 1347 e
1480 1299 1775 1364 quibusdam
1801 1318 1946 1364 gene-

106 1383 253 1432 ribus.
306 1382 375 1444 (A
393 1385 482 1431 ris
499 1391 559 1432 to
578 1384 681 1432 tel.
710 1384 750 1430 P
767 1403 793 1432 o
811 1384 901 1431 lit.
932 1384 993 1441 II,
1023 1383 1068 1443 7,
1100 1383 1280 1442 3--5.)

248 1465 350 1515 Nec
378 1466 563 1531 Ephori
590 1467 722 1532 apud
749 1466 1189 1525 Lacedaemonios,
1219 1484 1309 1514 nec
1337 1465 1502 1515 Cosmi
1531 1468 1661 1534 apud
1691 1467 1949 1517 Cretenses

105 1549 399 1598 tenebantur
441 1551 688 1599 rationum
727 1569 777 1599 re
806 1550 1098 1599 erendarum
1130 1550 1352 1614 judicio,
1393 1560 1440 1599 et
1480 1569 1566 1616 per
1605 1560 1758 1600 totam
1797 1552 1948 1600 vitam

103 1635 345 1697 gerebant
371 1635 738 1697 magist-ratum,
773 1634 981 1698 denique
1007 1651 1106 1682 non
1135 1652 1159 1681 e
1188 1636 1491 1700 praescripto
1514 1636 1637 1697 J'uris
1664 1636 1832 1701 scripti
1860 1636 1946 1684 im-

102 1718 373 1782 perabant,
414 1718 499 1766 sed
535 1735 622 1766 suo
650 1718 914 1778 arbitram,
956 1716 1088 1782 quod
1128 1717 1460 1781 periculosum
1503 1726 1588 1767 est.
1642 1718 1712 1780 (A
1728 1719 1942 1768 ristot.

103 1800 291 1849 Polit.
319 1802 382 1862 II,
413 1802 457 1861 7,
487 1802 558 1860 6.)

244 1882 353 1932 Cic
371 1903 394 1933 e
413 1902 477 1932 ro
507 1884 593 1945 (de
621 1883 830 1950 Republ.
858 1885 920 1946 II,
950 1885 1043 1944 33)
1072 1885 1323 1950 componit
1340 1886 1565 1951 Ephoros
1592 1903 1703 1935 cum
1730 1887 1944 1936 tribunis

102 1966 258 2032 plebis
302 1967 664 2028 Romanorum,
709 1967 824 2015 dum
863 1967 1005 2015 dicit:
1060 1969 1222 2030 „Nam
1263 1969 1412 2017 etiam
1451 1969 1659 2035 Spartae
1702 1978 1943 2034 regnante

102 2050 428 2116 Theopompo
471 2058 586 2099 sunt
624 2052 740 2099 item
781 2051 1023 2115 quinque,
1062 2069 1182 2115 quos
1209 2052 1277 2100 illi
1305 2052 1530 2118 Ephoros
1557 2053 1837 2119 appellant,
1880 2062 1943 2101 ut.

102 2141 334 2183 contra
372 2134 726 2184 consulare
766 2134 1105 2199 imperium
1145 2135 1401 2183 tribuni
1453 2137 1699 2201 plebis,
1751 2138 1820 2185 sie
1873 2137 1940 2184 illi

100 2225 269 2265 contra
294 2218 391 2266 vim
419 2218 604 2283 regiam
631 2216 929 2267 constituti.“

242 2300 538 2349 Universam
579 2301 637 2349 de
677 2301 888 2366 Ephoris
929 2301 1203 2350 doctrinam
1242 2303 1439 2352 uberius
1478 2304 1708 2352 tractavit
1747 2303 1782 2351 J
1799 2321 1939 2353 oan-

99 2400 209 2432 nes
250 2384 335 2433 Ch
352 2386 565 2450 ristop
583 2385 694 2433 hor
710 2403 776 2434 us
817 2385 1059 2450 Spakle
1077 2405 1099 2434 r
1136 2387 1186 2434 in
1234 2387 1580 2452 Disputatione
1626 2387 1842 2436 literaria
1879 2386 1938 2435 de

100 2467 310 2532 Ephoris
339 2469 470 2533 apud
498 2469 904 2518 Lacedemonios.
945 2468 1357 2531 (Amstelaedami
1390 2471 1566 2530 1842.)

242 2563 390 2630 Apud
427 2564 628 2613 Cnidios
668 2582 726 2614 ex
767 2565 1084 2630 optimatibus
1126 2566 1216 2614 viri
1260 2567 1517 2631 sexaginta
1558 2567 1733 2617 delecti
1773 2575 1936 2627 erant,

101 2647 272 2710 quibus
299 2666 387 2714 per
416 2666 611 2697 omnem
637 2650 788 2696 vitam
817 2657 1051 2714 tanquam
1078 2650 1437 2715 inspectoribus
1465 2651 1752 2712 utebantur,
1783 2660 1829 2700 et
1858 2668 1935 2699 eo-

100 2747 202 2776 rum
243 2732 438 2779 summis
479 2732 527 2778 in
567 2732 779 2795 negotiis
821 2733 1166 2781 auctorita-tem
1205 2734 1549 2797 sequebantur.
1615 2734 1937 2782 Vocabantur

100 2820 261 2860 autem
289 2810 600 2876 d,1‹11›},m›1seg,
636 2817 683 2864 id
713 2825 785 2865 est
811 2818 895 2865 Im
911 2835 1105 2866 memo
1123 2835 1184 2866 re
1202 2836 1249 2879 S,
1292 2819 1422 2882 quod
1452 2819 1691 2868 factorum
1718 2819 1934 2867 rationes

100 2895 161 2942 ab
201 2896 256 2941 iis
297 2915 392 2945 non
434 2899 785 2963 exigebantur,
827 2908 911 2949 aut
952 2901 1081 2965 quod
1122 2902 1388 2965 plurimum
1427 2902 1646 2951 valerent
1684 2902 1932 2952 memoria.

101 2978 454 3036 (Plutarch.
484 2989 668 3045 quaest.
696 3001 767 3045 gr.
798 2984 871 3042 4.)

241 3059 471 3111 Chalcide
498 3065 818 3129 Hippobotae
854 3067 1208 3132 rempublicam
1249 3075 1543 3129 tenuerunt,
1583 3068 1663 3131 qui
1692 3086 1931 3118 summam
1995 3128 2000 3132 α

98 3163 257 3194 rerum
299 3146 584 3209 optimatum
625 3149 830 3213 imperio
869 3152 1135 3213 gerebant,
1178 3168 1326 3200 censu
1368 3153 1495 3200 lecti.
1544 3150 1767 3211 (Strab
1787 3170 1827 3201 ο.
1869 3154 1929 3201 X.

97 3245 199 3291 cap.
232 3228 272 3274 Ἰ.
303 3224 344 3290 ξ.
373 3230 417 3274 8.
448 3247 491 3291 p.
523 3232 667 3288 447.)

237 3309 550 3374 Hippobotae
578 3323 736 3362 autem
767 3315 843 3373 (id
869 3325 955 3373 est,
986 3318 1067 3379 qui
1096 3333 1245 3379 equos
1276 3319 1436 3379 alunt)
1469 3318 1772 3367 vocabantur
1799 3320 1927 3383 apud

97 3393 445 3441 Chalcidenses
474 3393 691 3443 homines
721 3397 1002 3461 locupletes.
1047 3400 1162 3457 (He
1182 3418 1244 3446 ro
1268 3402 1294 3447 d
1315 3409 1390 3449 ot.
1423 3402 1480 3449 V.
1513 3402 1619 3457 77.)
