2114 3642
185 258 285 306 330
898 269 977 301 ms
1005 266 1280 300 PUBmcUM.

1015 404 1162 453 1290.

321 506 701 574 Amphictyones
728 500 987 552 Cirrhaeos
1015 507 1063 548 et
1089 498 1377 563 Cragalidas
1411 498 1520 564 (qui
1548 507 1597 548 et
1622 498 1859 566 templum
1883 500 2000 551 Del-

180 592 375 658 phicum
413 598 460 638 et
499 604 620 652 quae
659 587 709 633 in
749 602 803 634 eo
832 591 971 633 erant
998 582 1201 631 donaria
1228 583 1496 643 violarunt,
1538 583 1775 648 simulque
1803 584 2001 650 Amphi-

180 684 408 741 ctyonum
436 670 640 721 concilio
668 668 870 734 injurias
895 665 1190 723 intulerunt)
1219 666 1349 714 omni
1366 674 1582 731 tempore
1610 666 1710 715 dies
1738 675 2000 732 noctesque

179 759 309 807 bello
335 762 526 814 vexent,
555 751 854 817 direptisque
883 766 1054 798 eorum
1080 748 1258 797 finibus
1285 749 1500 814 ipsisque
1528 749 1579 799 in
1606 750 1888 799 servitutem
1918 751 2001 799 ab·

179 840 394 899 stractiS,
435 854 577 901 agros
616 836 725 884 illos
765 832 994 899 Apolloni
1028 832 1232 896 Pythio,
1273 831 1486 894 Dianae,
1529 833 1776 895 Latonae,
1817 833 1998 883 Miner--

178 941 265 972 vae
294 923 570 981 Pronaeae,
610 926 663 968 ut
688 919 737 967 in
763 924 1058 983 perpetuum
1090 916 1259 964 inculti
1301 916 1423 977 sint,
1463 925 1778 979 consecrent,
1820 934 1999 982 eosque

178 1024 332 1072 neque
359 1006 453 1071 ipsi
481 1004 670 1065 colant,
710 1017 869 1066 neque
897 1001 958 1049 ab
986 999 1081 1049 alio
1108 1000 1202 1049 coli
1228 1001 1489 1064 patiantur.

1018 1131 1165 1180 1291.

319 1230 384 1278 Ez'
406 1250 476 1286 τις
513 1226 631 1277 τάδε
670 1227 973 1290 παραβαίνοι
1006 1221 1201 1284 ἢπὸλις
1242 1221 1270 1284 ἢ
1309 1224 1501 1285 ἰδιώτης
1539 1222 1778 1284 Mabog,
1819 1223 1998 1294 ἐναγὴς

178 1317 298 1363 ἔστω
325 1313 420 1362 τοῦ
450 1310 773 1365 Ἀπόλλωνος
802 1312 892 1356 καὶ
919 1308 1000 1367 τῆς
1033 1306 1327 1372 Ἀρτέμιδος
1355 1312 1443 1356 καὶ
1471 1309 1669 1368 Λητοῦς
1708 1313 1798 1358 καὶ
1832 1307 1999 1368 Ἀθη-

177 1398 266 1455 νᾶς
300 1399 572 1460 Προναίας.
614 1399 713 1442 Καὶ
740 1390 1044 1454 ἐπεύχεσθαι
1074 1389 1247 1448 αὐτοῖς
1267 1391 1391 1455 μήτε
1418 1393 1514 1459 γῆν
1550 1391 1778 1458 καρπούς
1815 1397 1999 1457 φέρειν,

172 1480 294 1545 μήτε
321 1486 568 1548 γυναῖκας
593 1482 746 1527 τέκνα
771 1481 963 1524 τίκτειν
988 1476 1227 1542 γονεῦσιν
1254 1473 1458 1523 ἐοικότα
1486 1474 1613 1525 ἀλλὰ
1640 1480 1816 1541 τέρατα
1833 1514 1845 1534 ,
1875 1473 1998 1539 μηδὲ

177 1562 476 1628 βοσκήματα
513 1559 646 1609 κατά
687 1558 844 1622 φύσιν
881 1557 1035 1626 γονάς
1077 1564 1361 1616 ποιεῖσθαι,
1404 1552 1558 1618 ἧτταν
1585 1558 1632 1608 δὲ
1662 1556 1834 1616 αὐτοῖς
1873 1557 2000 1607 εἶναι

181 1651 398 1711 πολέμου
425 1650 513 1694 καὶ
542 1643 701 1693 δικῶν
728 1648 814 1691 καὶ
844 1641 1060 1711 ἀγορῶν,
1089 1647 1178 1690 καὶ
1206 1641 1397 1701 ἐξώλεις
1424 1641 1550 1690 εἶναι
1578 1646 1667 1690 καὶ
1695 1641 1884 1698 αὐτούς,
1910 1647 1999 1690 καὶ

181 1733 347 1787 οἰκίας
398 1735 486 1778 καὶ
537 1734 676 1797 γένος
728 1726 783 1777 τὸ
835 1731 1058 1778 ἐκείνων.
1114 1724 1213 1775 Καὶ
1258 1725 1445 1790 μήποτε
1499 1722 1647 1783 ὁσίως
1690 1726 1903 1777 θύσαιεν
1928 1725 1998 1791 τῷ

173 1812 455 1862 Ἀπόλλωνι
488 1813 609 1877 μηδὲ
650 1813 710 1875 τῇ
742 1810 995 1876 Ἀρτέμιδι
1030 1810 1154 1875 μηδὲ
1192 1810 1250 1874 τῇ
1291 1814 1450 1870 Λητοῖ
1479 1809 1590 1869 ιιηδ’
1623 1808 1826 1875 Ἀθηνᾷ
1857 1814 2002 1874 Προ-

183 1902 300 1962 ναίᾳ.
320 1937 330 1955 ,
366 1896 486 1960 μηδὲ
516 1896 740 1955 δέξαιντο
768 1894 940 1952 αὐτοῖς
966 1894 1025 1944 τά
1054 1895 1172 1961 ἱερά.

777 1981 1032 2042 (Aeschin.
1061 1999 1099 2031 c.
1129 1981 1436 2047 Ctesiphont.
1467 1979 1508 2046 ξ.
1540 1980 1858 2040 llo—112.)

1020 2111 1170 2161 1291.

324 2213 375 2262 Si
404 2212 509 2276 quis
536 2211 655 2260 haec
683 2210 966 2271 violaverit,
1005 2211 1107 2260 sive
1137 2211 1334 2271 civitaS,
1375 2210 1477 2259 sive
1503 2209 1748 2275 privatus,
1787 2208 1889 2257 sive
1916 2225 1999 2257 na-

183 2299 275 2359 tio,
317 2304 462 2362 caput
502 2297 606 2361 ejus
645 2294 885 2360 Apollini,
924 2295 1140 2355 Dianae,
1182 2295 1428 2352 Latonae,
1469 2293 1720 2342 Minervae
1747 2291 1998 2341 Pronaeae

185 2382 418 2430 devotum
445 2387 561 2427 esto,
612 2377 991 2443 Imprecandum
1015 2378 1072 2426 iis
1100 2395 1269 2443 porro,
1309 2384 1362 2425 ut
1404 2393 1563 2440 neque
1602 2376 1720 2440 ipsis
1748 2383 1877 2424 terra
1902 2375 2000 2423 fru-

187 2472 317 2512 ctum
342 2464 492 2524 ferat,
533 2479 689 2526 neque
725 2461 958 2526 conjuges
997 2477 1166 2509 eorum
1191 2460 1370 2509 liberos
1398 2459 1683 2525 parentibus
1710 2458 1890 2507 similes
1916 2458 2002 2507 sed

186 2555 412 2613 portenta
437 2546 707 2606 enitantur,
745 2560 902 2609 neque
947 2543 1159 2609 pecudes
1199 2543 1357 2592 foetus
1398 2542 1646 2591 naturales
1686 2540 1858 2601 edant3
1896 2548 1950 2589 ut
1977 2559 2002 2590 e

185 2630 342 2690 bello,
382 2647 406 2677 e
427 2628 647 2693 judiciis,
689 2644 712 2675 e
742 2628 848 2676 foro
887 2627 1000 2675 victi
1034 2626 1288 2675 discedant
1316 2634 1363 2675 et
1389 2626 1720 2675 internecione
1748 2624 2004 2674 deleantur

188 2721 234 2760 ct
258 2713 349 2777 ipsi
388 2720 435 2760 et
471 2711 616 2761 aedes
656 2718 703 2759 et
740 2727 895 2775 genus
933 2710 1173 2775 ipsorum,
1215 2726 1371 2775 neque
1411 2727 1625 2774 unquam
1664 2705 1878 2773 Apollini
1919 2715 2003 2757 aut

188 2796 374 2844 Dianae
416 2803 497 2844 aut
534 2795 752 2844 Latonae
792 2801 874 2842 aut
899 2793 1148 2842 Minervae
1176 2793 1427 2842 Pronaeae
1467 2799 1632 2841 sancte
1665 2791 1880 2853 libanto,
1920 2808 2003 2840 ne-

192 2893 282 2940 que
309 2878 587 2927 numinibus
613 2878 707 2927 illis
734 2894 901 2926 eorum
929 2893 1066 2924 sacra
1091 2884 1291 2940 accepta
1316 2883 1474 2924 sunto.
