2114 3642
564 156 780 187 coMMEN
800 157 972 187 rARms
999 156 1068 187 AD
1097 155 1177 189 564.
1208 156 1288 189 567.
1319 156 1400 189 568.
1428 156 1511 189 569.
1863 145 1964 192 487

121 283 217 331 suit
241 283 291 330 in
310 282 532 348 judicum
551 282 876 347 jurejurando
896 301 905 329 :
946 300 967 330 s
985 290 1090 331 ent
1107 300 1130 331 e
1148 285 1240 332 nti
1258 302 1286 333 a
1303 302 1351 331 m
1379 285 1440 334 fe
1455 300 1522 332 ra
1536 302 1583 331 m
1609 301 1630 332 s
1647 301 1671 333 e
1691 302 1808 333 cun
1823 286 1962 334 dum

119 367 301 429 leges
342 361 663 428 (ψηφιοῦμαι
704 359 836 409 κατὰ
872 360 994 418 τούς
1024 362 1263 427 νόμους);
1302 366 1422 416 illud
1448 367 1679 415 nimirum
1707 386 1797 432 pro
1825 386 1958 417 com-

121 456 261 514 perto
289 448 483 509 habuit,
524 447 826 497 conservatis
867 449 1168 513 reipublicae
1206 450 1400 514 legibus
1441 451 1632 499 salvum
1671 451 1813 499 simul
1851 469 1958 501 esse

117 532 380 597 imperium
406 531 660 597 populare.

258 615 574 665 Andocid.
604 632 642 662 c.
674 613 874 662 Alcib.
903 611 944 680 ξ.
974 615 1026 662 3:
1067 614 1169 663 Vos
1188 616 1366 680 juratis
1393 635 1551 682 neque
1579 618 1776 666 civitate
1804 634 1955 682 quen-

116 699 227 749 dam
255 715 360 749 esse
390 699 659 764 ejecturos,
699 714 859 762 neque
886 698 936 746 in
964 699 1238 747 custodiam
1277 698 1500 761 daturos,
1541 717 1701 766 neque
1739 709 1956 750 extremo

115 782 357 848 supplicio
386 798 535 831 causa
561 799 662 830 non
690 781 857 831 audita
884 775 1152 842 (ἄκριτον)
1182 782 1479 832 addicturos.

255 864 429 914 Idem
468 864 539 913 de
578 873 838 930 myster.
879 862 921 930 ξ.
952 867 1011 912 91
1037 884 1045 914 :
1086 866 1216 926 Vos,
1256 863 1608 929 Athenienses,
1639 885 1735 932 quo
1765 867 1954 932 jureju-

113 949 267 998 rando
296 950 480 998 astricti
499 949 771 1014 judicatis?
815 950 960 1012 „Non
1002 950 1208 998 ulciscar
1247 949 1448 1015 injurias
1487 968 1644 1016 neque
1686 949 1765 1000 alii
1805 950 1867 999 ad
1905 950 1955 999 id

112 1030 328 1081 hortanti
356 1032 737 1098 obtemperabo,
775 1031 859 1081 secl
886 1032 1157 1082 secundum
1184 1039 1315 1081 ratas
1343 1033 1481 1097 leges
1511 1029 1667 1093 (κατὰ
1696 1029 1815 1088 τούς
1843 1052 1953 1081 κει-

106 1116 292 1176 μένους
322 1111 539 1178 νόμους)
568 1116 862 1165 sententiam
890 1115 1095 1165 dicam.“

254 1199 361 1248 Hoc
388 1198 771 1249 additamentum
798 1199 1002 1249 accessit
1030 1216 1158 1248 anno
1188 1199 1344 1249 403-0
1373 1216 1414 1248 a.
1445 1198 1556 1249 Chr.
1583 1209 1695 1266 post
1722 1201 1951 1267 expulsos

109 1282 312 1347 triginta
338 1289 589 1349 tyrannos,

891 1351 989 1404 Ad
1018 1352 1170 1404 564.

252 1461 411 1512 Schol.
453 1462 513 1512 ad
562 1463 752 1512 Platon.
792 1463 884 1527 leg.
924 1464 1011 1512 IX.
1052 1482 1097 1528 p.
1141 1464 1273 1511 458:
1328 1459 1576 1520 διαιτηταί
1617 1464 1746 1510 «εἰσιν
1784 1466 1838 1510 ἐν
1877 1459 1950 1517 οἷς

102 1541 389 1602 Ἀθήνησιν
415 1534 681 1611 εἰσήγοιὶτο
710 1546 756 1591 αἱ
790 1542 1041 1593 ibic-nexae*
1073 1542 1228 1596 δίκαι.
1273 1547 1483 1607 (Arbitri
1512 1554 1635 1605 sunt,
1667 1547 1796 1612 apud
1826 1564 1948 1611 quos

106 1630 542 1680 introducebanmr
568 1628 773 1680 Athenis
800 1631 908 1679 lites
934 1631 1202 1696 privatae.)

894 1770 994 1823 Ad
1027 1771 1179 1824 567.

248 1882 507 1930 Lucian.
550 1880 638 1929 Ab
656 1881 842 1931 dicat.
887 1882 943 1928 11
970 1900 979 1928 ε
1021 1880 1212 1930 Videtis
1239 1880 1342 1929 fere
1368 1881 1418 1928 in
1446 1881 1618 1929 ceteris
1647 1881 1794 1930 etiam
1813 1881 1940 1945 judi-

106 1965 217 2025 ciis,
246 1974 299 2013 ut
325 1982 352 2013 a
373 1965 622 2031 judicibus
650 1965 902 2013 s01·.,iti0ne
928 1963 1095 2023 lectis,
1131 1963 1168 2012 si
1199 1963 1305 2028 quis
1331 1964 1567 2029 injustum
1594 1964 1777 2012 factum
1804 1972 1943 2029 putet

95 2048 361 2113 judicium,
401 2049 653 2113 permittat
692 2048 771 2096 lex
800 2047 860 2095 ad
889 2047 1020 2095 aliud
1049 2064 1320 2112 provocare
1349 2056 1395 2096 et
1422 2047 1557 2095 abire
1586 2047 1827 2096 tribunal:
1869 2050 1943 2096 sin

104 2131 253 2195 aliqui
288 2131 416 2180 ultro
455 2131 545 2179 sibi
578 2130 769 2195 judices
808 2130 1067 2179 statuerint
1096 2136 1143 2178 et
1170 2129 1372 2178 delectis
1399 2148 1425 2178 a
1453 2148 1503 2179 se
1531 2130 1840 2195 permiserint
1868 2148 1941 2179 ar-

103 2214 326 2274 bitrium,
370 2232 468 2262 non
502 2215 605 2279 jam
644 2214 734 2262 hoc
775 2214 1026 2262 concedat.
1081 2213 1272 2273 Quibus
1313 2213 1442 2261 enim
1468 2214 1604 2261 initio
1632 2213 1812 2262 licebat
1840 2232 1941 2263 non

102 2306 257 2358 stare,
298 2297 385 2345 hos
413 2297 450 2345 si
478 2297 585 2362 quis
614 2314 700 2346 sua
742 2305 916 2362 sponte
956 2297 1157 2359 legerit,
1191 2297 1378 2362 justum
1405 2304 1477 2345 est
1505 2313 1672 2346 eorum
1699 2296 1833 2345 illum
1860 2315 1938 2347 co-

101 2382 321 2445 gnitione
350 2388 635 2429 contentum
665 2397 781 2429 esse.

881 2448 979 2500 Ad
1009 2448 1159 2502 568.

245 2559 422 2607 Pollux
450 2559 586 2617 VIII,
621 2559 745 2606 127:
787 2557 964 2623 ἔλεγον
1008 2560 1265 2621 ἐπιτρέψαι
1310 2554 1538 2613 δίαιταν,
1579 2558 1667 2603 καὶ
1712 2551 1734 2614 ἢ
1771 2555 1938 2605 δίαιτα

100 2644 331 2690 ἐκαλεῖτο
360 2637 611 2701 ἐπιτροπὴ.
656 2642 927 2702 (Dicebant
953 2660 977 2691 c
996 2660 1023 2690 o
1041 2642 1285 2690 inmitte
1303 2661 1364 2690 rc
1394 2641 1675 2703 arbitrium,
1705 2651 1749 2691 et
1777 2642 1937 2707 ipsum

100 2727 354 2777 arbitrium
383 2726 652 2773 vocabatur
677 2733 895 2790 potestas
923 2723 1212 2784 statuendi.)

242 2809 314 2858 Cf.
343 2809 526 2858 Lexica
553 2807 753 2873 Seguer.
783 2827 829 2873 p.
859 2808 940 2856 35.

876 2936 974 2988 Ad
1004 2936 1155 2988 569.

239 3049 351 3096 Non
378 3047 520 3095 video
549 3063 632 3094 cur
660 3045 856 3095 haereat
883 3046 1095 3093 Meierus
1125 3044 1245 3104 (Die
1262 3042 1806 3093 Privatschiedsrichter
1834 3045 1932 3093 und

99 3129 175 3177 die
204 3131 282 3177 o'ff.
310 3131 488 3179 Diatten
518 3128 721 3178 Athens.
750 3129 893 3177 Hallc
927 3128 1075 3187 1846,
1105 3146 1150 3192 p.
1188 3128 1276 3185 15)
1305 3127 1355 3173 in
1382 3127 1545 3175 verbis
1574 3127 1790 3176 Pollucis
1819 3123 1930 3172 ἀτι-

94 3210 188 3270 μία
230 3207 486 3274 ἀφώριστο
526 3208 594 3273 τῷ
630 3206 697 3270 μή
743 3207 1048 3266 διαιτήσαντι
1100 3204 1194 3264 τήν
1232 3210 1668 3270 ἐπικληρωθὶῖσαν
1720 3207 1931 3257 δίαιταν.

99 3293 282 3344 Arbitri
322 3296 449 3343 enim
488 3292 671 3360 publici
709 3310 805 3341 non
833 3293 880 3340 vi
908 3293 1210 3357 cogebantur
1236 3292 1297 3341 ad
1326 3293 1679 3359 acceptandum
1708 3294 1801 3342 hoc
1827 3310 1929 3341 mu-
