2161 3673
222 188 289 236 62
948 198 1028 230 ms
1054 193 1329 227 PUBLICUM.

220 346 340 378 rum.
389 327 683 378 Indecenter
720 332 880 375 autem
919 327 1125 384 agentes
1163 317 1402 366 mulctant
1430 324 1478 366 et
1502 316 1709 365 mulctas
1736 331 1904 364 earum
1930 314 2043 363 sori-

219 411 393 460 bentes
420 417 674 477 exponunt
698 408 759 458 ad
785 408 1038 473 platanum
1062 403 1114 451 in
1141 401 1411 452 Ceramico.

1068 508 1184 557 237.

360 601 408 646 Γ
403 595 652 660 νώμονες,
692 590 935 656 ἄρχοντές
973 591 1101 638 εἰσιν
1128 590 1175 637 οἱ
1202 585 1620 650 ἐπισκεπτόμενοι
1658 589 1786 634 καθ’
1825 588 2044 634 ἕκαστον

220 678 453 730 ἐνιαυτὸν
477 677 536 726 τά
558 679 722 740 χωρία
749 673 913 723 πάντα
930 711 942 731 ,
977 670 1045 735 μή
1074 671 1173 729 πώς
1198 693 1268 729 τις
1294 675 1506 736 ἐξέκοψε
1532 667 1619 726 τὰς
1639 671 1837 734 μορίας.

1035 756 1262 818 (Bekker
1288 755 1475 817 Anecd,
1503 771 1577 819 gr.
1604 755 1641 804 I.
1667 772 1713 821 p.
1743 754 1901 814 228.)

1068 863 1184 912 237.

357 938 674 1003 Inquisitores
702 942 816 986 sunt
840 935 1170 999 magistratus,
1198 935 1279 999 qui
1306 933 1567 999 quotannis
1593 932 1850 997 inquirunt
1877 947 2044 981 omnes

219 1039 386 1086 agros,
428 1038 545 1069 num
570 1019 744 1084 aliquis
771 1036 870 1068 non
897 1017 1131 1066 exciderit
1156 1034 1320 1066 sacras
1348 1017 1494 1066 oleas.

1065 1123 1181 1172 238.

348 1205 699 1263 Ἐπισκέπται,
746 1201 988 1269 ἄρχοντες
1034 1201 1450 1267 ἐπισκεπτόμενοι
1495 1201 1616 1260 τους
1654 1197 1915 1262 ὑπηκόους
1953 1209 2044 1250 καὶ

216 1289 274 1337 τά
301 1289 496 1339 τούτων
522 1288 802 1355 πράγματα,
1031 1290 1256 1351 (Bekker
1284 1289 1470 1340 Anecd.
1497 1307 1570 1353 gr.
1599 1291 1634 1339 I.
1663 1307 1709 1354 p.
1740 1290 1901 1348 254).

1069 1399 1184 1447 238.

356 1472 666 1537 Inspectores
693 1478 812 1519 sunt
836 1471 1176 1533 magistratus,
1204 1470 1284 1535 qui
1311 1470 1579 1536 inspiciunt
1605 1468 1827 1518 subditos
1856 1484 2043 1517 eorum·

216 1571 308 1618 que
336 1573 424 1603 res.

1067 1625 1181 1674 239.

347 1702 412 1754 ΕΟ
438 1708 712 1761 ἐπίσκοπος
741 1705 811 1769 τῴ
840 1707 1025 1768 κυάμῳ
1052 1705 1311 1773 λαγχάνει.

1154 1791 1496 1857 (Aristophan.
1528 1792 1672 1842 Aves.
1703 1791 1901 1854 1023).

355 1934 609 2035 Insueetor
635 1970 779 2020 fabae
808 1979 937 2020 sorte
966 1901 1188 2037 efigssgg

1064 2078 1179 2127 240.

356 2156 586 2220 Κρυπτή,
639 2154 765 2220 ἀρχὴ
808 2162 1092 2220 πεμπομένη
1132 2160 1200 2214 εἰς
1240 2156 1359 2215 τούς
1397 2153 1689 2218 ὗπηκόους,
1739 2159 1825 2206 ἵνα
1867 2156 2042 2222 κρύφα

216 2243 519 2288 ἐπιτελέσωσι
545 2237 606 2287 τά
635 2241 726 2298 ἔξω
753 2239 1008 2306 γινόμενα.
1087 2243 1313 2304 (Bekker
1330 2244 1515 2295 Anecd.
1532 2262 1603 2309 gr.
1621 2245 1720 2309 I.p.
1739 2243 1896 2303 273.).

1067 2351 1182 2400 240.

357 2420 581 2470 Seoretus
607 2421 918 2485 magistratus
952 2422 1158 2471 mittitur
1198 2422 1259 2471 ad
1299 2423 1546 2480 subditos,
1586 2430 1639 2470 ut
1665 2423 1791 2470 olam
1820 2421 2043 2487 perficiat

219 2505 410 2563 (eorum
435 2506 572 2569 ope),
611 2521 734 2569 quae
763 2513 900 2553 extra
927 2521 1097 2554 eorum
1123 2506 1380 2569 regionem
1407 2515 1631 2570 aguntur.

358 2690 653 2754 Πρόβουλοι
691 2688 934 2756 ἄρχοντες
985 2691 1135 2751 δέκα,
1190 2698 1239 2750 ἐξ
1283 2692 1489 2752 ἑκάστης
1529 2694 1687 2754 φυλῆς
1724 2692 1819 2751 εἷς,
1862 2696 2040 2750 οἵτινες

221 2772 494 2841 συνάγουσι
521 2775 611 2834 τὴν
636 2775 833 2838 βουλὴν
859 2779 947 2823 καὶ
976 2774 1068 2824 τὸν
1095 2776 1270 2839 δῆιιιον.

1035 2863 1261 2924 (Bekker
1293 2864 1474 2913 Aneod.
1503 2883 1573 2927 gr.
1602 2867 1635 2914 Ι.
1663 2884 1708 2930 p.
1739 2866 1896 2923 298.)

1069 2972 1182 3019 241.

360 3048 562 3098 Probuli
589 3060 699 3100 sunt
724 3053 895 3103 decem
919 3055 1262 3120 magistratus,
1305 3072 1327 3102 e
1357 3055 1575 3118 qualibet
1615 3055 1744 3104 tribu
1770 3073 1920 3116 unus,
1960 3057 2038 3120 qui

217 3139 439 3182 senatum
466 3140 514 3181 et
541 3136 773 3199 populum
801 3146 1120 3201 congregant.

1064 3246 1180 3294 242.

358 3322 488 3367 Δίκα
519 3315 706 3382 ἄνδρας
734 3326 928 3373 ἑλέσθαι
958 3329 1275 3393 ξυγγραφέας
1303 3323 1708 3388 αὐτοκράτορας,
1753 3325 1958 3383 τούτους
1986 3326 2035 3375 δὲ
