<?xml version="1.0" encoding="UTF-8"?>
<!DOCTYPE html PUBLIC "-//W3C//DTD XHTML 1.0 Transitional//EN"
    "http://www.w3.org/TR/xhtml1/DTD/xhtml1-transitional.dtd">
<html xmlns="http://www.w3.org/1999/xhtml" xml:lang="en" lang="en">
 <head>
  <title>
</title>
<meta http-equiv="Content-Type" content="text/html;charset=utf-8" />
  <meta name='ocr-system' content='tesseract 3.04.00' />
  <meta name='ocr-capabilities' content='ocr_page ocr_carea ocr_par ocr_line ocrx_word'/>
</head>
<body>
  <div class='ocr_page' id='page_1' title='image "./synaggtnattiknno00tluoft_0598.png"; bbox 0 0 2114 3642; ppageno 0'>
   <div class='ocr_carea' id='block_1_1' title="bbox 201 216 1436 262">
    <p class='ocr_par' dir='ltr' id='par_1_1' title="bbox 201 216 1436 262">
     <span class='ocr_line' id='line_1_1' title="bbox 201 216 1436 262; baseline -0.007 0"><span class='ocrx_word' id='word_1_1' title='bbox 201 216 298 262; x_wconf 81' lang='lat'><strong>572</strong></span> <span class='ocrx_word' id='word_1_2' title='bbox 798 222 1206 259; x_wconf 72' lang='lat' dir='ltr'><strong>coMMENTAmus</strong></span> <span class='ocrx_word' id='word_1_3' title='bbox 1238 223 1303 255; x_wconf 66' lang='grc'><strong>11)</strong></span> <span class='ocrx_word' id='word_1_4' title='bbox 1332 220 1436 254; x_wconf 80' lang='lat'><strong>1159.</strong></span> 
     </span>
    </p>
   </div>
   <div class='ocr_carea' id='block_1_2' title="bbox 965 357 1269 411">
    <p class='ocr_par' dir='ltr' id='par_1_2' title="bbox 965 357 1269 411">
     <span class='ocr_line' id='line_1_2' title="bbox 965 357 1269 411; baseline 0.007 -2"><span class='ocrx_word' id='word_1_5' title='bbox 965 357 1064 409; x_wconf 79' lang='lat' dir='ltr'><strong>Ad</strong></span> <span class='ocrx_word' id='word_1_6' title='bbox 1091 358 1269 411; x_wconf 79' lang='lat'><strong>1159.</strong></span> 
     </span>
    </p>
   </div>
   <div class='ocr_carea' id='block_1_3' title="bbox 191 466 2045 1036">
    <p class='ocr_par' dir='ltr' id='par_1_3' title="bbox 191 466 2045 1036">
     <span class='ocr_line' id='line_1_3' title="bbox 340 466 2042 529; baseline -0.005 -4"><span class='ocrx_word' id='word_1_7' title='bbox 340 476 715 526; x_wconf 71' lang='lat' dir='ltr'><strong>Athenaeus</strong></span> <span class='ocrx_word' id='word_1_8' title='bbox 744 469 830 529; x_wconf 91' lang='lat' dir='ltr'><strong>VI,</strong></span> <span class='ocrx_word' id='word_1_9' title='bbox 862 467 993 515; x_wconf 79' lang='lat'>267:</span> <span class='ocrx_word' id='word_1_10' title='bbox 1035 466 1365 517; x_wconf 80' lang='lat' dir='ltr'><strong>Athenienses</strong></span> <span class='ocrx_word' id='word_1_11' title='bbox 1405 468 1596 517; x_wconf 87' lang='lat' dir='ltr'><strong>servilis</strong></span> <span class='ocrx_word' id='word_1_12' title='bbox 1624 469 1773 517; x_wconf 88' lang='lat' dir='ltr'><strong>etiam</strong></span> <span class='ocrx_word' id='word_1_13' title='bbox 1796 470 1939 517; x_wconf 85' lang='lat' dir='ltr'><strong>sortis</strong></span> <span class='ocrx_word' id='word_1_14' title='bbox 1968 486 2042 516; x_wconf 85' lang='lat' dir='ltr'><strong>ra-</strong></span> 
     </span>
     <span class='ocr_line' id='line_1_4' title="bbox 196 550 2045 615; baseline -0.005 -8"><span class='ocrx_word' id='word_1_15' title='bbox 196 560 379 606; x_wconf 86' lang='lat' dir='ltr'><strong>tionem</strong></span> <span class='ocrx_word' id='word_1_16' title='bbox 406 558 669 611; x_wconf 79' lang='lat' dir='ltr'><strong>habentes,</strong></span> <span class='ocrx_word' id='word_1_17' title='bbox 709 552 872 614; x_wconf 89' lang='lat' dir='ltr'><strong>legem</strong></span> <span class='ocrx_word' id='word_1_18' title='bbox 900 550 1177 610; x_wconf 87' lang='lat' dir='ltr'><strong>sciverunt,</strong></span> <span class='ocrx_word' id='word_1_19' title='bbox 1220 557 1272 598; x_wconf 92' lang='lat' dir='ltr'><strong>ut</strong></span> <span class='ocrx_word' id='word_1_20' title='bbox 1314 551 1374 599; x_wconf 91' lang='lat' dir='ltr'><strong>de</strong></span> <span class='ocrx_word' id='word_1_21' title='bbox 1415 552 1714 600; x_wconf 85' lang='lat' dir='ltr'><strong>contumelia</strong></span> <span class='ocrx_word' id='word_1_22' title='bbox 1740 568 1863 615; x_wconf 88' lang='lat' dir='ltr'><strong>quae</strong></span> <span class='ocrx_word' id='word_1_23' title='bbox 1891 552 2045 599; x_wconf 85' lang='lat' dir='ltr'><strong>servis</strong></span> 
     </span>
     <span class='ocr_line' id='line_1_5' title="bbox 195 633 2045 701; baseline -0.004 -11"><span class='ocrx_word' id='word_1_24' title='bbox 195 642 341 690; x_wconf 86' lang='lat' dir='ltr'><strong>etiam</strong></span> <span class='ocrx_word' id='word_1_25' title='bbox 381 646 508 688; x_wconf 88' lang='lat' dir='ltr'><strong>esset</strong></span> <span class='ocrx_word' id='word_1_26' title='bbox 546 635 707 694; x_wconf 87' lang='lat' dir='ltr'><strong>illata,</strong></span> <span class='ocrx_word' id='word_1_27' title='bbox 749 635 950 683; x_wconf 88' lang='lat' dir='ltr'><strong>daretur</strong></span> <span class='ocrx_word' id='word_1_28' title='bbox 990 633 1130 683; x_wconf 89' lang='lat' dir='ltr'><strong>actio.</strong></span> <span class='ocrx_word' id='word_1_29' title='bbox 1193 635 1366 699; x_wconf 89' lang='lat' dir='ltr'><strong>Itaque</strong></span> <span class='ocrx_word' id='word_1_30' title='bbox 1408 634 1690 701; x_wconf 85' lang='lat' dir='ltr'><strong>Hyperides</strong></span> <span class='ocrx_word' id='word_1_31' title='bbox 1729 635 1779 682; x_wconf 88' lang='lat' dir='ltr'><strong>in</strong></span> <span class='ocrx_word' id='word_1_32' title='bbox 1821 635 2045 684; x_wconf 87' lang='lat' dir='ltr'><strong>oratione</strong></span> 
     </span>
     <span class='ocr_line' id='line_1_6' title="bbox 195 719 2045 786; baseline -0.003 -13"><span class='ocrx_word' id='word_1_33' title='bbox 195 731 367 773; x_wconf 86' lang='lat' dir='ltr'><strong>contra</strong></span> <span class='ocrx_word' id='word_1_34' title='bbox 392 720 720 770; x_wconf 87' lang='lat' dir='ltr'><strong>Mantitheum</strong></span> <span class='ocrx_word' id='word_1_35' title='bbox 747 721 842 769; x_wconf 89' lang='lat' dir='ltr'><strong>ait:</strong></span> <span class='ocrx_word' id='word_1_36' title='bbox 886 721 1028 784; x_wconf 84' lang='lat' dir='ltr'><strong>„lege</strong></span> <span class='ocrx_word' id='word_1_37' title='bbox 1057 726 1351 780; x_wconf 87' lang='lat' dir='ltr'><strong>sanxerunt,</strong></span> <span class='ocrx_word' id='word_1_38' title='bbox 1383 727 1436 769; x_wconf 87' lang='lat' dir='ltr'><strong>ut</strong></span> <span class='ocrx_word' id='word_1_39' title='bbox 1461 737 1560 768; x_wconf 91' lang='lat' dir='ltr'><strong>non</strong></span> <span class='ocrx_word' id='word_1_40' title='bbox 1587 719 1735 769; x_wconf 89' lang='lat' dir='ltr'><strong>modo</strong></span> <span class='ocrx_word' id='word_1_41' title='bbox 1762 737 1851 786; x_wconf 86' lang='lat' dir='ltr'><strong>pro</strong></span> <span class='ocrx_word' id='word_1_42' title='bbox 1878 719 2045 768; x_wconf 87' lang='lat' dir='ltr'><strong>liberis</strong></span> 
     </span>
     <span class='ocr_line' id='line_1_7' title="bbox 194 802 2043 869; baseline -0.001 -16"><span class='ocrx_word' id='word_1_43' title='bbox 194 804 498 864; x_wconf 85' lang='lat' dir='ltr'><strong>hominibus,</strong></span> <span class='ocrx_word' id='word_1_44' title='bbox 539 821 712 853; x_wconf 90' lang='lat' dir='ltr'><strong>verum</strong></span> <span class='ocrx_word' id='word_1_45' title='bbox 751 803 899 853; x_wconf 88' lang='lat' dir='ltr'><strong>etiam</strong></span> <span class='ocrx_word' id='word_1_46' title='bbox 928 803 966 851; x_wconf 89' lang='lat' dir='ltr'><strong>si</strong></span> <span class='ocrx_word' id='word_1_47' title='bbox 995 803 1104 868; x_wconf 90' lang='lat' dir='ltr'><strong>quis</strong></span> <span class='ocrx_word' id='word_1_48' title='bbox 1131 802 1181 851; x_wconf 88' lang='lat' dir='ltr'><strong>in</strong></span> <span class='ocrx_word' id='word_1_49' title='bbox 1209 804 1340 851; x_wconf 90' lang='lat' dir='ltr'><strong>servi</strong></span> <span class='ocrx_word' id='word_1_50' title='bbox 1369 819 1548 869; x_wconf 90' lang='lat' dir='ltr'><strong>corpus</strong></span> <span class='ocrx_word' id='word_1_51' title='bbox 1583 803 1933 853; x_wconf 86' lang='lat' dir='ltr'><strong>contumeliam</strong></span> <span class='ocrx_word' id='word_1_52' title='bbox 1960 802 2043 851; x_wconf 84' lang='lat' dir='ltr'><strong>ad-</strong></span> 
     </span>
     <span class='ocr_line' id='line_1_8' title="bbox 193 884 2042 951; baseline -0.002 -14"><span class='ocrx_word' id='word_1_53' title='bbox 193 890 428 946; x_wconf 75' lang='lat' dir='ltr'><strong>misisset,</strong></span> <span class='ocrx_word' id='word_1_54' title='bbox 470 887 599 936; x_wconf 87' lang='lat' dir='ltr'><strong>actio</strong></span> <span class='ocrx_word' id='word_1_55' title='bbox 641 886 839 936; x_wconf 88' lang='lat' dir='ltr'><strong>daretur</strong></span> <span class='ocrx_word' id='word_1_56' title='bbox 876 892 1047 935; x_wconf 88' lang='lat' dir='ltr'><strong>contra</strong></span> <span class='ocrx_word' id='word_1_57' title='bbox 1086 884 1246 935; x_wconf 82' lang='lat' dir='ltr'><strong>eum.“</strong></span> <span class='ocrx_word' id='word_1_58' title='bbox 1302 885 1449 935; x_wconf 88' lang='lat' dir='ltr'><strong>Paria</strong></span> <span class='ocrx_word' id='word_1_59' title='bbox 1473 886 1737 951; x_wconf 87' lang='lat' dir='ltr'><strong>Lycurgus</strong></span> <span class='ocrx_word' id='word_1_60' title='bbox 1778 887 1895 936; x_wconf 88' lang='lat' dir='ltr'><strong>dicit</strong></span> <span class='ocrx_word' id='word_1_61' title='bbox 1935 902 2042 934; x_wconf 85' lang='lat' dir='ltr'><strong>ora-</strong></span> 
     </span>
     <span class='ocr_line' id='line_1_9' title="bbox 191 969 1725 1036; baseline -0.001 -17"><span class='ocrx_word' id='word_1_62' title='bbox 191 973 319 1019; x_wconf 82' lang='lat' dir='ltr'><strong>tione</strong></span> <span class='ocrx_word' id='word_1_63' title='bbox 347 971 397 1018; x_wconf 86' lang='lat' dir='ltr'><strong>in</strong></span> <span class='ocrx_word' id='word_1_64' title='bbox 424 970 809 1036; x_wconf 87' lang='lat' dir='ltr'><strong>Lycophronem</strong></span> <span class='ocrx_word' id='word_1_65' title='bbox 837 978 885 1019; x_wconf 91' lang='lat' dir='ltr'><strong>et</strong></span> <span class='ocrx_word' id='word_1_66' title='bbox 911 969 1276 1018; x_wconf 85' lang='lat' dir='ltr'><strong>Demosthenes</strong></span> <span class='ocrx_word' id='word_1_67' title='bbox 1306 977 1481 1018; x_wconf 86' lang='lat' dir='ltr'><strong>contra</strong></span> <span class='ocrx_word' id='word_1_68' title='bbox 1507 969 1725 1019; x_wconf 90' lang='lat' dir='ltr'><strong>Midiam.</strong></span> 
     </span>
    </p>
   </div>
   <div class='ocr_carea' id='block_1_4' title="bbox 187 1064 2044 1714">
    <p class='ocr_par' dir='ltr' id='par_1_4' title="bbox 187 1064 2044 1714">
     <span class='ocr_line' id='line_1_10' title="bbox 330 1064 2041 1131; baseline -0.001 -17"><span class='ocrx_word' id='word_1_69' title='bbox 330 1066 656 1114; x_wconf 89' lang='lat' dir='ltr'><strong>Demosth.</strong></span> <span class='ocrx_word' id='word_1_70' title='bbox 698 1066 761 1114; x_wconf 91' lang='lat' dir='ltr'><strong>in</strong></span> <span class='ocrx_word' id='word_1_71' title='bbox 789 1066 865 1115; x_wconf 90' lang='lat' dir='ltr'><strong>Mi</strong></span> <span class='ocrx_word' id='word_1_72' title='bbox 885 1065 1064 1114; x_wconf 89' lang='lat' dir='ltr'><strong>diam.</strong></span> <span class='ocrx_word' id='word_1_73' title='bbox 1095 1065 1224 1112; x_wconf 80' lang='lat'>529:</span> <span class='ocrx_word' id='word_1_74' title='bbox 1266 1064 1548 1128; x_wconf 86' lang='lat' dir='ltr'><strong>Legislator</strong></span> <span class='ocrx_word' id='word_1_75' title='bbox 1574 1082 1728 1129; x_wconf 87' lang='lat' dir='ltr'><strong>usque</strong></span> <span class='ocrx_word' id='word_1_76' title='bbox 1756 1082 1814 1114; x_wconf 91' lang='lat' dir='ltr'><strong>eo</strong></span> <span class='ocrx_word' id='word_1_77' title='bbox 1843 1082 2041 1131; x_wconf 88' lang='lat' dir='ltr'><strong>proces-</strong></span> 
     </span>
     <span class='ocr_line' id='line_1_11' title="bbox 188 1147 2044 1209; baseline 0 -12"><span class='ocrx_word' id='word_1_78' title='bbox 188 1151 276 1209; x_wconf 87' lang='lat' dir='ltr'><strong>sit,</strong></span> <span class='ocrx_word' id='word_1_79' title='bbox 318 1159 395 1207; x_wconf 87' lang='lat' dir='ltr'><strong>ut,</strong></span> <span class='ocrx_word' id='word_1_80' title='bbox 440 1149 636 1197; x_wconf 86' lang='lat' dir='ltr'><strong>tametsi</strong></span> <span class='ocrx_word' id='word_1_81' title='bbox 676 1165 818 1197; x_wconf 90' lang='lat' dir='ltr'><strong>servo</strong></span> <span class='ocrx_word' id='word_1_82' title='bbox 860 1148 1160 1197; x_wconf 89' lang='lat' dir='ltr'><strong>contumelia</strong></span> <span class='ocrx_word' id='word_1_83' title='bbox 1199 1147 1330 1196; x_wconf 89' lang='lat' dir='ltr'><strong>facta</strong></span> <span class='ocrx_word' id='word_1_84' title='bbox 1368 1147 1539 1206; x_wconf 87' lang='lat' dir='ltr'><strong>fuerit,</strong></span> <span class='ocrx_word' id='word_1_85' title='bbox 1582 1166 1685 1196; x_wconf 93' lang='lat' dir='ltr'><strong>non</strong></span> <span class='ocrx_word' id='word_1_86' title='bbox 1719 1148 1881 1197; x_wconf 90' lang='lat' dir='ltr'><strong>minus</strong></span> <span class='ocrx_word' id='word_1_87' title='bbox 1907 1148 1957 1196; x_wconf 90' lang='lat' dir='ltr'><strong>in</strong></span> <span class='ocrx_word' id='word_1_88' title='bbox 1986 1165 2044 1197; x_wconf 86' lang='lat' dir='ltr'><strong>ea</strong></span> 
     </span>
     <span class='ocr_line' id='line_1_12' title="bbox 190 1231 2041 1298; baseline -0.002 -16"><span class='ocrx_word' id='word_1_89' title='bbox 190 1251 337 1282; x_wconf 89' lang='lat' dir='ltr'><strong>causa</strong></span> <span class='ocrx_word' id='word_1_90' title='bbox 362 1231 609 1298; x_wconf 75' lang='lat' dir='ltr'><strong>publicam</strong></span> <span class='ocrx_word' id='word_1_91' title='bbox 635 1233 879 1281; x_wconf 81' lang='lat' dir='ltr'><strong>actionem</strong></span> <span class='ocrx_word' id='word_1_92' title='bbox 908 1231 1114 1281; x_wconf 86' lang='lat' dir='ltr'><strong>dederit.</strong></span> <span class='ocrx_word' id='word_1_93' title='bbox 1170 1231 1345 1296; x_wconf 88' lang='lat' dir='ltr'><strong>Neque</strong></span> <span class='ocrx_word' id='word_1_94' title='bbox 1385 1231 1515 1279; x_wconf 89' lang='lat' dir='ltr'><strong>enim</strong></span> <span class='ocrx_word' id='word_1_95' title='bbox 1555 1231 1747 1295; x_wconf 86' lang='lat' dir='ltr'><strong>putavit</strong></span> <span class='ocrx_word' id='word_1_96' title='bbox 1783 1231 2041 1295; x_wconf 89' lang='lat' dir='ltr'><strong>respicien-</strong></span> 
     </span>
     <span class='ocr_line' id='line_1_13' title="bbox 188 1314 2041 1381; baseline -0.002 -16"><span class='ocrx_word' id='word_1_97' title='bbox 188 1317 303 1365; x_wconf 88' lang='lat' dir='ltr'><strong>dum</strong></span> <span class='ocrx_word' id='word_1_98' title='bbox 321 1354 332 1376; x_wconf 85' lang='lat'><strong>,</strong></span> <span class='ocrx_word' id='word_1_99' title='bbox 373 1315 481 1380; x_wconf 90' lang='lat' dir='ltr'><strong>quis</strong></span> <span class='ocrx_word' id='word_1_100' title='bbox 509 1323 638 1364; x_wconf 89' lang='lat' dir='ltr'><strong>esset</strong></span> <span class='ocrx_word' id='word_1_101' title='bbox 665 1315 746 1380; x_wconf 91' lang='lat' dir='ltr'><strong>qui</strong></span> <span class='ocrx_word' id='word_1_102' title='bbox 774 1323 1053 1381; x_wconf 88' lang='lat' dir='ltr'><strong>pateretur,</strong></span> <span class='ocrx_word' id='word_1_103' title='bbox 1096 1315 1183 1364; x_wconf 91' lang='lat' dir='ltr'><strong>sed</strong></span> <span class='ocrx_word' id='word_1_104' title='bbox 1220 1314 1496 1380; x_wconf 89' lang='lat' dir='ltr'><strong>cujusmodi</strong></span> <span class='ocrx_word' id='word_1_105' title='bbox 1537 1331 1611 1364; x_wconf 88' lang='lat' dir='ltr'><strong>res</strong></span> <span class='ocrx_word' id='word_1_106' title='bbox 1653 1322 1782 1364; x_wconf 90' lang='lat' dir='ltr'><strong>esset</strong></span> <span class='ocrx_word' id='word_1_107' title='bbox 1809 1331 1932 1379; x_wconf 88' lang='lat' dir='ltr'><strong>quae</strong></span> <span class='ocrx_word' id='word_1_108' title='bbox 1959 1315 2041 1362; x_wconf 88' lang='lat' dir='ltr'><strong>fie-</strong></span> 
     </span>
     <span class='ocr_line' id='line_1_14' title="bbox 188 1398 2041 1463; baseline -0.002 -15"><span class='ocrx_word' id='word_1_109' title='bbox 188 1407 275 1448; x_wconf 90' lang='lat' dir='ltr'><strong>ret.</strong></span> <span class='ocrx_word' id='word_1_110' title='bbox 328 1399 490 1459; x_wconf 79' lang='lat' dir='ltr'><strong>Quam</strong></span> <span class='ocrx_word' id='word_1_111' title='bbox 518 1417 669 1463; x_wconf 90' lang='lat' dir='ltr'><strong>quum</strong></span> <span class='ocrx_word' id='word_1_112' title='bbox 703 1416 804 1446; x_wconf 91' lang='lat' dir='ltr'><strong>non</strong></span> <span class='ocrx_word' id='word_1_113' title='bbox 844 1399 1020 1448; x_wconf 81' lang='lat' dir='ltr'><strong>decere</strong></span> <span class='ocrx_word' id='word_1_114' title='bbox 1062 1398 1354 1463; x_wconf 86' lang='lat' dir='ltr'><strong>reperisset,</strong></span> <span class='ocrx_word' id='word_1_115' title='bbox 1394 1414 1556 1462; x_wconf 88' lang='lat' dir='ltr'><strong>neque</strong></span> <span class='ocrx_word' id='word_1_116' title='bbox 1582 1398 1632 1446; x_wconf 90' lang='lat' dir='ltr'><strong>in</strong></span> <span class='ocrx_word' id='word_1_117' title='bbox 1660 1415 1855 1446; x_wconf 88' lang='lat' dir='ltr'><strong>servum</strong></span> <span class='ocrx_word' id='word_1_118' title='bbox 1881 1414 2041 1462; x_wconf 91' lang='lat' dir='ltr'><strong>neque</strong></span> 
     </span>
     <span class='ocr_line' id='line_1_15' title="bbox 187 1481 2040 1547; baseline -0.002 -16"><span class='ocrx_word' id='word_1_119' title='bbox 187 1483 390 1531; x_wconf 91' lang='lat' dir='ltr'><strong>omnino</strong></span> <span class='ocrx_word' id='word_1_120' title='bbox 417 1482 467 1529; x_wconf 92' lang='lat' dir='ltr'><strong>in</strong></span> <span class='ocrx_word' id='word_1_121' title='bbox 494 1499 777 1547; x_wconf 82' lang='lat' dir='ltr'><strong>quenquam</strong></span> <span class='ocrx_word' id='word_1_122' title='bbox 816 1481 1065 1531; x_wconf 83' lang='lat' dir='ltr'><strong>licentiam</strong></span> <span class='ocrx_word' id='word_1_123' title='bbox 1100 1481 1312 1530; x_wconf 83' lang='lat' dir='ltr'><strong>faciendi</strong></span> <span class='ocrx_word' id='word_1_124' title='bbox 1340 1481 1577 1546; x_wconf 83' lang='lat' dir='ltr'><strong>permisit.</strong></span> <span class='ocrx_word' id='word_1_125' title='bbox 1630 1481 1744 1530; x_wconf 89' lang='lat' dir='ltr'><strong>Non</strong></span> <span class='ocrx_word' id='word_1_126' title='bbox 1772 1489 1846 1529; x_wconf 89' lang='lat' dir='ltr'><strong>est</strong></span> <span class='ocrx_word' id='word_1_127' title='bbox 1881 1481 2012 1528; x_wconf 87' lang='lat' dir='ltr'><strong>enim</strong></span> <span class='ocrx_word' id='word_1_128' title='bbox 2030 1519 2040 1535; x_wconf 83' lang='grc'><strong>,</strong></span> 
     </span>
     <span class='ocr_line' id='line_1_16' title="bbox 187 1564 2041 1629; baseline -0.001 -15"><span class='ocrx_word' id='word_1_129' title='bbox 187 1584 285 1614; x_wconf 91' lang='grc'><strong>11011</strong></span> <span class='ocrx_word' id='word_1_130' title='bbox 316 1574 402 1627; x_wconf 88' lang='lat' dir='ltr'><strong>est,</strong></span> <span class='ocrx_word' id='word_1_131' title='bbox 438 1565 782 1626; x_wconf 79' lang='lat' dir='ltr'><strong>Athenienses,</strong></span> <span class='ocrx_word' id='word_1_132' title='bbox 810 1565 1083 1629; x_wconf 80' lang='lat' dir='ltr'><strong>quidquam</strong></span> <span class='ocrx_word' id='word_1_133' title='bbox 1111 1582 1274 1613; x_wconf 89' lang='lat' dir='ltr'><strong>rerum</strong></span> <span class='ocrx_word' id='word_1_134' title='bbox 1299 1566 1518 1613; x_wconf 90' lang='lat' dir='ltr'><strong>omnium</strong></span> <span class='ocrx_word' id='word_1_135' title='bbox 1544 1564 1898 1614; x_wconf 81' lang='lat' dir='ltr'><strong>intolerabilius</strong></span> <span class='ocrx_word' id='word_1_136' title='bbox 1927 1581 2041 1613; x_wconf 92' lang='lat' dir='ltr'><strong>con-</strong></span> 
     </span>
     <span class='ocr_line' id='line_1_17' title="bbox 187 1646 1684 1714; baseline 0 -18"><span class='ocrx_word' id='word_1_137' title='bbox 187 1649 411 1708; x_wconf 79' lang='lat' dir='ltr'><strong>tumelia,</strong></span> <span class='ocrx_word' id='word_1_138' title='bbox 455 1657 539 1697; x_wconf 87' lang='lat' dir='ltr'><strong>aut</strong></span> <span class='ocrx_word' id='word_1_139' title='bbox 564 1649 748 1714; x_wconf 88' lang='lat' dir='ltr'><strong>majore</strong></span> <span class='ocrx_word' id='word_1_140' title='bbox 777 1648 921 1696; x_wconf 90' lang='lat' dir='ltr'><strong>nobis</strong></span> <span class='ocrx_word' id='word_1_141' title='bbox 948 1646 1287 1711; x_wconf 83' lang='lat' dir='ltr'><strong>indignatione</strong></span> <span class='ocrx_word' id='word_1_142' title='bbox 1315 1647 1684 1697; x_wconf 88' lang='lat' dir='ltr'><strong>vindicandum.</strong></span> 
     </span>
    </p>
   </div>
   <div class='ocr_carea' id='block_1_5' title="bbox 186 1737 2041 2749">
    <p class='ocr_par' dir='ltr' id='par_1_5' title="bbox 186 1737 2041 2144">
     <span class='ocr_line' id='line_1_18' title="bbox 329 1737 2041 1809; baseline -0.002 -17"><span class='ocrx_word' id='word_1_143' title='bbox 329 1743 408 1792; x_wconf 91' lang='lat' dir='ltr'><strong>Ad</strong></span> <span class='ocrx_word' id='word_1_144' title='bbox 448 1744 575 1807; x_wconf 87' lang='lat' dir='ltr'><strong>legis</strong></span> <span class='ocrx_word' id='word_1_145' title='bbox 613 1743 769 1792; x_wconf 89' lang='lat' dir='ltr'><strong>verba</strong></span> <span class='ocrx_word' id='word_1_146' title='bbox 807 1744 856 1791; x_wconf 90' lang='lat' dir='ltr'><strong>in</strong></span> <span class='ocrx_word' id='word_1_147' title='bbox 884 1741 1234 1791; x_wconf 88' lang='lat' dir='ltr'><strong>Demosthenis</strong></span> <span class='ocrx_word' id='word_1_148' title='bbox 1263 1742 1484 1792; x_wconf 87' lang='lat' dir='ltr'><strong>Midiana</strong></span> <span class='ocrx_word' id='word_1_149' title='bbox 1519 1762 1565 1809; x_wconf 93' lang='lat' dir='ltr'><strong>p.</strong></span> <span class='ocrx_word' id='word_1_150' title='bbox 1596 1743 1724 1801; x_wconf 80' lang='lat'><strong>529,</strong></span> <span class='ocrx_word' id='word_1_151' title='bbox 1765 1737 1877 1788; x_wconf 80' lang='grc' dir='ltr'><em>ὅσοι</em></span> <span class='ocrx_word' id='word_1_152' title='bbox 1915 1739 2041 1808; x_wconf 74' lang='grc' dir='ltr'><em>γρά-</em></span> 
     </span>
     <span class='ocr_line' id='line_1_19' title="bbox 187 1822 2040 1894; baseline 0.002 -22"><span class='ocrx_word' id='word_1_153' title='bbox 187 1845 385 1888; x_wconf 69' lang='grc' dir='ltr'><em>φωνται</em></span> <span class='ocrx_word' id='word_1_154' title='bbox 413 1822 613 1894; x_wconf 72' lang='grc' dir='ltr'><em>γραφὰς</em></span> <span class='ocrx_word' id='word_1_155' title='bbox 641 1823 774 1881; x_wconf 80' lang='grc' dir='ltr'><em>ἰδίας</em></span> <span class='ocrx_word' id='word_1_156' title='bbox 803 1826 1172 1876; x_wconf 87' lang='lat' dir='ltr'><strong>observandum</strong></span> <span class='ocrx_word' id='word_1_157' title='bbox 1199 1843 1310 1875; x_wconf 91' lang='lat' dir='ltr'><strong>cum</strong></span> <span class='ocrx_word' id='word_1_158' title='bbox 1338 1827 1559 1876; x_wconf 54' lang='lat' dir='ltr'><strong>‘Heraldo</strong></span> <span class='ocrx_word' id='word_1_159' title='bbox 1590 1826 1961 1887; x_wconf 81' lang='lat' dir='ltr'><strong>(Animadvers.</strong></span> <span class='ocrx_word' id='word_1_160' title='bbox 1979 1827 2040 1875; x_wconf 94' lang='grc' dir='ltr'><strong>ΙΙ.</strong></span> 
     </span>
     <span class='ocr_line' id='line_1_20' title="bbox 186 1905 2041 1977; baseline -0.001 -16"><span class='ocrx_word' id='word_1_161' title='bbox 186 1929 294 1977; x_wconf 87' lang='lat' dir='ltr'><strong>cap.</strong></span> <span class='ocrx_word' id='word_1_162' title='bbox 327 1912 406 1959; x_wconf 89' lang='lat'><strong>10.</strong></span> <span class='ocrx_word' id='word_1_163' title='bbox 446 1930 492 1976; x_wconf 91' lang='lat' dir='ltr'><strong>p.</strong></span> <span class='ocrx_word' id='word_1_164' title='bbox 533 1911 676 1971; x_wconf 84' lang='lat'><strong>125.)</strong></span> <span class='ocrx_word' id='word_1_165' title='bbox 717 1910 849 1975; x_wconf 90' lang='lat' dir='ltr'><strong>quod</strong></span> <span class='ocrx_word' id='word_1_166' title='bbox 890 1906 997 1956; x_wconf 84' lang='grc' dir='ltr'><em>ἰδία</em></span> <span class='ocrx_word' id='word_1_167' title='bbox 1038 1906 1206 1975; x_wconf 71' lang='grc' dir='ltr'><strong><em>γραφὴ</em></strong></span> <span class='ocrx_word' id='word_1_168' title='bbox 1249 1905 1443 1972; x_wconf 75' lang='grc' dir='ltr'><em>ὕβρεως</em></span> <span class='ocrx_word' id='word_1_169' title='bbox 1483 1911 1546 1959; x_wconf 89' lang='lat' dir='ltr'><strong>sit</strong></span> <span class='ocrx_word' id='word_1_170' title='bbox 1584 1910 1872 1959; x_wconf 88' lang='lat' dir='ltr'><strong>iniuriarum</strong></span> <span class='ocrx_word' id='word_1_171' title='bbox 1912 1910 2041 1959; x_wconf 89' lang='lat' dir='ltr'><strong>actio</strong></span> 
     </span>
     <span class='ocr_line' id='line_1_21' title="bbox 186 1993 2039 2060; baseline -0.001 -17"><span class='ocrx_word' id='word_1_172' title='bbox 186 1993 383 2060; x_wconf 89' lang='lat' dir='ltr'><strong>publico</strong></span> <span class='ocrx_word' id='word_1_173' title='bbox 415 1994 602 2060; x_wconf 90' lang='lat' dir='ltr'><strong>judicio</strong></span> <span class='ocrx_word' id='word_1_174' title='bbox 642 1995 888 2054; x_wconf 86' lang='lat' dir='ltr'><strong>instituta,</strong></span> <span class='ocrx_word' id='word_1_175' title='bbox 929 1994 1016 2043; x_wconf 88' lang='lat' dir='ltr'><strong>sed</strong></span> <span class='ocrx_word' id='word_1_176' title='bbox 1057 2013 1147 2060; x_wconf 91' lang='lat' dir='ltr'><strong>pro</strong></span> <span class='ocrx_word' id='word_1_177' title='bbox 1183 1995 1360 2060; x_wconf 87' lang='lat' dir='ltr'><strong>injuria</strong></span> <span class='ocrx_word' id='word_1_178' title='bbox 1401 1995 1527 2044; x_wconf 89' lang='lat' dir='ltr'><strong>sibi</strong></span> <span class='ocrx_word' id='word_1_179' title='bbox 1568 1995 1695 2060; x_wconf 88' lang='lat' dir='ltr'><strong>ipsi</strong></span> <span class='ocrx_word' id='word_1_180' title='bbox 1733 1993 1897 2054; x_wconf 87' lang='lat' dir='ltr'><strong>illata,</strong></span> <span class='ocrx_word' id='word_1_181' title='bbox 1938 2010 2039 2041; x_wconf 91' lang='lat' dir='ltr'><strong>non</strong></span> 
     </span>
     <span class='ocr_line' id='line_1_22' title="bbox 186 2072 2040 2144; baseline -0.001 -18"><span class='ocrx_word' id='word_1_182' title='bbox 186 2077 243 2126; x_wconf 88' lang='lat' dir='ltr'><strong>al</strong></span> <span class='ocrx_word' id='word_1_183' title='bbox 263 2085 281 2126; x_wconf 91' lang='lat' dir='ltr'><strong>t</strong></span> <span class='ocrx_word' id='word_1_184' title='bbox 299 2078 418 2136; x_wconf 85' lang='lat' dir='ltr'><strong>eri,</strong></span> <span class='ocrx_word' id='word_1_185' title='bbox 447 2094 573 2142; x_wconf 89' lang='lat' dir='ltr'><strong>quae</strong></span> <span class='ocrx_word' id='word_1_186' title='bbox 600 2077 726 2137; x_wconf 90' lang='lat' dir='ltr'><strong>ideo,</strong></span> <span class='ocrx_word' id='word_1_187' title='bbox 757 2078 847 2126; x_wconf 90' lang='lat' dir='ltr'><strong>etsi</strong></span> <span class='ocrx_word' id='word_1_188' title='bbox 876 2085 948 2126; x_wconf 89' lang='lat' dir='ltr'><strong>est</strong></span> <span class='ocrx_word' id='word_1_189' title='bbox 975 2077 1192 2143; x_wconf 84' lang='lat' dir='ltr'><strong>publica,</strong></span> <span class='ocrx_word' id='word_1_190' title='bbox 1222 2085 1296 2126; x_wconf 90' lang='lat' dir='ltr'><strong>est</strong></span> <span class='ocrx_word' id='word_1_191' title='bbox 1322 2086 1490 2127; x_wconf 83' lang='lat' dir='ltr'><strong>tamen</strong></span> <span class='ocrx_word' id='word_1_192' title='bbox 1518 2095 1677 2144; x_wconf 90' lang='lat' dir='ltr'><strong>paene</strong></span> <span class='ocrx_word' id='word_1_193' title='bbox 1704 2076 1878 2130; x_wconf 79' lang='grc' dir='ltr'><strong><em>αἰκίας</em></strong></span> <span class='ocrx_word' id='word_1_194' title='bbox 1906 2072 2040 2132; x_wconf 79' lang='grc' dir='ltr'><em>δίκη.</em></span> 
     </span>
    </p>

    <p class='ocr_par' dir='ltr' id='par_1_6' title="bbox 188 2171 2040 2404">
     <span class='ocr_line' id='line_1_23' title="bbox 330 2171 2040 2238; baseline -0.001 -16"><span class='ocrx_word' id='word_1_195' title='bbox 330 2174 387 2222; x_wconf 90' lang='grc' dir='ltr'><strong>Ι11</strong></span> <span class='ocrx_word' id='word_1_196' title='bbox 426 2174 537 2235; x_wconf 86' lang='lat' dir='ltr'><strong>lege</strong></span> <span class='ocrx_word' id='word_1_197' title='bbox 575 2173 708 2238; x_wconf 86' lang='lat' dir='ltr'><strong>apud</strong></span> <span class='ocrx_word' id='word_1_198' title='bbox 750 2172 1045 2223; x_wconf 86' lang='lat' dir='ltr'><strong>Aeschinem</strong></span> <span class='ocrx_word' id='word_1_199' title='bbox 1087 2173 1364 2234; x_wconf 87' lang='lat' dir='ltr'><strong>(Timarch.</strong></span> <span class='ocrx_word' id='word_1_200' title='bbox 1398 2174 1507 2234; x_wconf 77' lang='lat'><strong>16.)</strong></span> <span class='ocrx_word' id='word_1_201' title='bbox 1546 2172 1878 2237; x_wconf 82' lang='lat' dir='ltr'><strong>Schellingius</strong></span> <span class='ocrx_word' id='word_1_202' title='bbox 1918 2171 2040 2221; x_wconf 87' lang='lat' dir='ltr'><strong>haec</strong></span> 
     </span>
     <span class='ocr_line' id='line_1_24' title="bbox 188 2246 2039 2321; baseline 0.001 -17"><span class='ocrx_word' id='word_1_203' title='bbox 188 2257 446 2321; x_wconf 86' lang='lat' dir='ltr'><strong>proponit:</strong></span> <span class='ocrx_word' id='word_1_204' title='bbox 500 2246 540 2319; x_wconf 72' lang='grc' dir='ltr'><em>ᾧ</em></span> <span class='ocrx_word' id='word_1_205' title='bbox 581 2250 649 2302; x_wconf 74' lang='grc' dir='ltr'><strong>ἄν</strong></span> <span class='ocrx_word' id='word_1_206' title='bbox 687 2252 745 2301; x_wconf 82' lang='grc' dir='ltr'><strong>τὸ</strong></span> <span class='ocrx_word' id='word_1_207' title='bbox 795 2252 1127 2317; x_wconf 76' lang='grc' dir='ltr'><em>δικαστήριον</em></span> <span class='ocrx_word' id='word_1_208' title='bbox 1180 2252 1416 2305; x_wconf 68' lang='grc' dir='ltr'><em>θάνατον</em></span> <span class='ocrx_word' id='word_1_209' title='bbox 1469 2258 1779 2319; x_wconf 78' lang='grc' dir='ltr'><em>ψηφίσηται,</em></span> <span class='ocrx_word' id='word_1_210' title='bbox 1820 2262 2039 2305; x_wconf 81' lang='lat' dir='ltr'><strong>statuens</strong></span> 
     </span>
     <span class='ocr_line' id='line_1_25' title="bbox 190 2334 1454 2404; baseline 0.004 -21"><span class='ocrx_word' id='word_1_211' title='bbox 190 2335 425 2385; x_wconf 70' lang='grc' dir='ltr'><em>θάνατον</em></span> <span class='ocrx_word' id='word_1_212' title='bbox 453 2339 682 2388; x_wconf 77' lang='lat' dir='ltr'><strong>facillime</strong></span> <span class='ocrx_word' id='word_1_213' title='bbox 710 2340 757 2387; x_wconf 88' lang='lat' dir='ltr'><strong>in</strong></span> <span class='ocrx_word' id='word_1_214' title='bbox 785 2334 920 2384; x_wconf 74' lang='grc' dir='ltr'><em>κατὰ</em></span> <span class='ocrx_word' id='word_1_215' title='bbox 949 2340 1195 2404; x_wconf 83' lang='grc' dir='ltr'><strong>601111111ρί</strong></span> <span class='ocrx_word' id='word_1_216' title='bbox 1223 2341 1454 2403; x_wconf 89' lang='lat' dir='ltr'><strong>potuisse.</strong></span> 
     </span>
    </p>

    <p class='ocr_par' dir='ltr' id='par_1_7' title="bbox 188 2430 2037 2749">
     <span class='ocr_line' id='line_1_26' title="bbox 331 2430 2035 2498; baseline 0.001 -16"><span class='ocrx_word' id='word_1_217' title='bbox 331 2434 665 2482; x_wconf 86' lang='lat' dir='ltr'><strong>Isocrates</strong></span> <span class='ocrx_word' id='word_1_218' title='bbox 705 2450 742 2482; x_wconf 90' lang='lat' dir='ltr'><strong>c.</strong></span> <span class='ocrx_word' id='word_1_219' title='bbox 785 2433 1142 2482; x_wconf 89' lang='lat' dir='ltr'><strong>Lochitem.</strong></span> <span class='ocrx_word' id='word_1_220' title='bbox 1183 2430 1227 2498; x_wconf 67' lang='grc' dir='ltr'><strong>ξ.</strong></span> <span class='ocrx_word' id='word_1_221' title='bbox 1256 2434 1315 2482; x_wconf 85' lang='grc'><strong>2;</strong></span> <span class='ocrx_word' id='word_1_222' title='bbox 1356 2435 1412 2483; x_wconf 86' lang='grc' dir='ltr'><strong>Ι11</strong></span> <span class='ocrx_word' id='word_1_223' title='bbox 1442 2434 1549 2482; x_wconf 88' lang='lat' dir='ltr'><strong>aliis</strong></span> <span class='ocrx_word' id='word_1_224' title='bbox 1577 2434 1862 2483; x_wconf 82' lang='lat' dir='ltr'><strong>criminibus</strong></span> <span class='ocrx_word' id='word_1_225' title='bbox 1891 2436 1931 2483; x_wconf 91' lang='lat' dir='ltr'><strong>ei</strong></span> <span class='ocrx_word' id='word_1_226' title='bbox 1962 2453 2035 2484; x_wconf 88' lang='lat' dir='ltr'><strong>so-</strong></span> 
     </span>
     <span class='ocr_line' id='line_1_27' title="bbox 188 2515 2037 2581; baseline 0.002 -17"><span class='ocrx_word' id='word_1_227' title='bbox 188 2518 287 2565; x_wconf 89' lang='lat' dir='ltr'><strong>lum</strong></span> <span class='ocrx_word' id='word_1_228' title='bbox 315 2517 396 2581; x_wconf 92' lang='lat' dir='ltr'><strong>qui</strong></span> <span class='ocrx_word' id='word_1_229' title='bbox 424 2518 643 2565; x_wconf 83' lang='lat' dir='ltr'><strong>offensus</strong></span> <span class='ocrx_word' id='word_1_230' title='bbox 670 2524 767 2574; x_wconf 80' lang='lat' dir='ltr'><strong>est,</strong></span> <span class='ocrx_word' id='word_1_231' title='bbox 808 2516 935 2565; x_wconf 85' lang='lat' dir='ltr'><strong>actio</strong></span> <span class='ocrx_word' id='word_1_232' title='bbox 975 2516 1024 2563; x_wconf 88' lang='lat' dir='ltr'><strong>in</strong></span> <span class='ocrx_word' id='word_1_233' title='bbox 1066 2515 1404 2565; x_wconf 84' lang='lat' dir='ltr'><strong>adversarium</strong></span> <span class='ocrx_word' id='word_1_234' title='bbox 1437 2517 1606 2577; x_wconf 63' lang='lat' dir='ltr'><strong>datur,</strong></span> <span class='ocrx_word' id='word_1_235' title='bbox 1646 2517 1706 2566; x_wconf 86' lang='lat' dir='ltr'><strong>de</strong></span> <span class='ocrx_word' id='word_1_236' title='bbox 1739 2519 2037 2568; x_wconf 86' lang='lat' dir='ltr'><strong>contumelia.</strong></span> 
     </span>
     <span class='ocr_line' id='line_1_28' title="bbox 190 2600 2033 2666; baseline 0.002 -19"><span class='ocrx_word' id='word_1_237' title='bbox 190 2619 333 2659; x_wconf 88' lang='lat' dir='ltr'><strong>vero,</strong></span> <span class='ocrx_word' id='word_1_238' title='bbox 370 2608 602 2664; x_wconf 85' lang='lat' dir='ltr'><strong>tanquam</strong></span> <span class='ocrx_word' id='word_1_239' title='bbox 631 2600 832 2649; x_wconf 87' lang='lat' dir='ltr'><strong>crimine</strong></span> <span class='ocrx_word' id='word_1_240' title='bbox 861 2600 1092 2665; x_wconf 90' lang='lat' dir='ltr'><strong>publico,</strong></span> <span class='ocrx_word' id='word_1_241' title='bbox 1133 2601 1396 2665; x_wconf 88' lang='lat' dir='ltr'><strong>unicuique</strong></span> <span class='ocrx_word' id='word_1_242' title='bbox 1439 2600 1618 2649; x_wconf 89' lang='lat' dir='ltr'><strong>civium</strong></span> <span class='ocrx_word' id='word_1_243' title='bbox 1659 2618 1709 2650; x_wconf 88' lang='lat' dir='ltr'><strong>re</strong></span> <span class='ocrx_word' id='word_1_244' title='bbox 1745 2601 1876 2666; x_wconf 86' lang='lat' dir='ltr'><strong>apud</strong></span> <span class='ocrx_word' id='word_1_245' title='bbox 1906 2602 2033 2651; x_wconf 85' lang='lat' dir='ltr'><strong>thes-</strong></span> 
     </span>
     <span class='ocr_line' id='line_1_29' title="bbox 191 2683 1400 2749; baseline 0.005 -22"><span class='ocrx_word' id='word_1_246' title='bbox 191 2684 431 2732; x_wconf 87' lang='lat' dir='ltr'><strong>mothetas</strong></span> <span class='ocrx_word' id='word_1_247' title='bbox 458 2684 713 2749; x_wconf 85' lang='lat' dir='ltr'><strong>proposita</strong></span> <span class='ocrx_word' id='word_1_248' title='bbox 745 2683 909 2732; x_wconf 88' lang='lat' dir='ltr'><strong>venire</strong></span> <span class='ocrx_word' id='word_1_249' title='bbox 937 2684 985 2731; x_wconf 90' lang='lat' dir='ltr'><strong>in</strong></span> <span class='ocrx_word' id='word_1_250' title='bbox 1005 2684 1248 2749; x_wconf 86' lang='lat' dir='ltr'><strong>judicium</strong></span> <span class='ocrx_word' id='word_1_251' title='bbox 1276 2684 1400 2733; x_wconf 88' lang='lat' dir='ltr'><strong>licet.</strong></span> 
     </span>
    </p>
   </div>
   <div class='ocr_carea' id='block_1_6' title="bbox 192 2777 2032 3432">
    <p class='ocr_par' dir='ltr' id='par_1_8' title="bbox 192 2777 2032 3432">
     <span class='ocr_line' id='line_1_30' title="bbox 332 2777 2032 2846; baseline 0.004 -22"><span class='ocrx_word' id='word_1_252' title='bbox 332 2777 659 2828; x_wconf 82' lang='lat' dir='ltr'><strong>Plutarch.</strong></span> <span class='ocrx_word' id='word_1_253' title='bbox 701 2778 911 2827; x_wconf 85' lang='lat' dir='ltr'><strong>Solon.</strong></span> <span class='ocrx_word' id='word_1_254' title='bbox 960 2780 1048 2828; x_wconf 81' lang='lat'><strong>18:</strong></span> <span class='ocrx_word' id='word_1_255' title='bbox 1090 2781 1199 2840; x_wconf 77' lang='lat' dir='ltr'><strong>Quo</strong></span> <span class='ocrx_word' id='word_1_256' title='bbox 1242 2782 1398 2844; x_wconf 83' lang='lat' dir='ltr'><strong>magis</strong></span> <span class='ocrx_word' id='word_1_257' title='bbox 1427 2782 1735 2846; x_wconf 84' lang='lat' dir='ltr'><strong>plebeiorum</strong></span> <span class='ocrx_word' id='word_1_258' title='bbox 1762 2782 2032 2830; x_wconf 87' lang='lat' dir='ltr'><strong>infirmitati</strong></span> 
     </span>
     <span class='ocr_line' id='line_1_31' title="bbox 194 2859 2030 2930; baseline 0.004 -24"><span class='ocrx_word' id='word_1_259' title='bbox 194 2859 347 2907; x_wconf 80' lang='lat' dir='ltr'><strong>Solon</strong></span> <span class='ocrx_word' id='word_1_260' title='bbox 375 2862 722 2924; x_wconf 83' lang='lat' dir='ltr'><strong>opitularetur,</strong></span> <span class='ocrx_word' id='word_1_261' title='bbox 763 2864 992 2928; x_wconf 86' lang='lat' dir='ltr'><strong>injuriam</strong></span> <span class='ocrx_word' id='word_1_262' title='bbox 1022 2864 1162 2912; x_wconf 85' lang='lat' dir='ltr'><strong>alicui</strong></span> <span class='ocrx_word' id='word_1_263' title='bbox 1192 2865 1378 2913; x_wconf 85' lang='lat' dir='ltr'><strong>illatam</strong></span> <span class='ocrx_word' id='word_1_264' title='bbox 1419 2865 1704 2930; x_wconf 86' lang='lat' dir='ltr'><strong>unicuique,</strong></span> <span class='ocrx_word' id='word_1_265' title='bbox 1745 2866 1824 2930; x_wconf 89' lang='lat' dir='ltr'><strong>qui</strong></span> <span class='ocrx_word' id='word_1_266' title='bbox 1851 2866 2030 2914; x_wconf 87' lang='lat' dir='ltr'><strong>voluis-</strong></span> 
     </span>
     <span class='ocr_line' id='line_1_32' title="bbox 193 2946 2029 3013; baseline 0.005 -26"><span class='ocrx_word' id='word_1_267' title='bbox 193 2949 291 2998; x_wconf 71' lang='lat' dir='ltr'><strong>set,</strong></span> <span class='ocrx_word' id='word_1_268' title='bbox 333 2946 654 3008; x_wconf 88' lang='lat' dir='ltr'><strong>persequendi</strong></span> <span class='ocrx_word' id='word_1_269' title='bbox 698 2954 992 3011; x_wconf 78' lang='lat' dir='ltr'><strong>potestatem</strong></span> <span class='ocrx_word' id='word_1_270' title='bbox 1034 2947 1159 2996; x_wconf 75' lang='lat' dir='ltr'><strong>fecit.</strong></span> <span class='ocrx_word' id='word_1_271' title='bbox 1216 2949 1384 3010; x_wconf 83' lang='lat' dir='ltr'><strong>Itaque</strong></span> <span class='ocrx_word' id='word_1_272' title='bbox 1415 2949 1557 2996; x_wconf 76' lang='lat' dir='ltr'><strong>sicui</strong></span> <span class='ocrx_word' id='word_1_273' title='bbox 1600 2949 1748 3013; x_wconf 80' lang='lat' dir='ltr'><strong>plaga</strong></span> <span class='ocrx_word' id='word_1_274' title='bbox 1788 2950 2029 3013; x_wconf 85' lang='lat' dir='ltr'><strong>imposita,</strong></span> 
     </span>
     <span class='ocr_line' id='line_1_33' title="bbox 193 3024 2031 3095; baseline 0.005 -24"><span class='ocrx_word' id='word_1_275' title='bbox 193 3031 276 3072; x_wconf 83' lang='lat' dir='ltr'><strong>aut</strong></span> <span class='ocrx_word' id='word_1_276' title='bbox 303 3024 536 3074; x_wconf 85' lang='lat' dir='ltr'><strong>damnum</strong></span> <span class='ocrx_word' id='word_1_277' title='bbox 565 3028 759 3086; x_wconf 70' lang='lat' dir='ltr'><strong>(latum,</strong></span> <span class='ocrx_word' id='word_1_278' title='bbox 800 3038 881 3077; x_wconf 82' lang='lat' dir='ltr'><strong>aut</strong></span> <span class='ocrx_word' id='word_1_279' title='bbox 910 3030 983 3076; x_wconf 88' lang='lat' dir='ltr'><strong>vis</strong></span> <span class='ocrx_word' id='word_1_280' title='bbox 1012 3031 1139 3077; x_wconf 78' lang='lat' dir='ltr'><strong>facta</strong></span> <span class='ocrx_word' id='word_1_281' title='bbox 1169 3042 1323 3088; x_wconf 55' lang='grc'><strong>65561,</strong></span> <span class='ocrx_word' id='word_1_282' title='bbox 1354 3031 1529 3078; x_wconf 78' lang='lat' dir='ltr'><strong>licebat</strong></span> <span class='ocrx_word' id='word_1_283' title='bbox 1557 3032 1733 3095; x_wconf 37' lang='lat' dir='ltr'><strong>ei„.q11i</strong></span> <span class='ocrx_word' id='word_1_284' title='bbox 1763 3039 1956 3095; x_wconf 88' lang='lat' dir='ltr'><strong>poterat</strong></span> <span class='ocrx_word' id='word_1_285' title='bbox 1984 3041 2031 3080; x_wconf 84' lang='lat' dir='ltr'><strong>et</strong></span> 
     </span>
     <span class='ocr_line' id='line_1_34' title="bbox 193 3106 2032 3177; baseline 0.005 -23"><span class='ocrx_word' id='word_1_286' title='bbox 193 3106 413 3155; x_wconf 68' lang='lat' dir='ltr'><strong>volebat,</strong></span> <span class='ocrx_word' id='word_1_287' title='bbox 444 3125 578 3167; x_wconf 88' lang='grc'><strong>611111,</strong></span> <span class='ocrx_word' id='word_1_288' title='bbox 605 3113 685 3176; x_wconf 89' lang='lat' dir='ltr'><strong>qui</strong></span> <span class='ocrx_word' id='word_1_289' title='bbox 714 3112 938 3176; x_wconf 84' lang='lat' dir='ltr'><strong>injuriam</strong></span> <span class='ocrx_word' id='word_1_290' title='bbox 968 3113 1236 3170; x_wconf 78' lang='lat' dir='ltr'><strong>intulisset,</strong></span> <span class='ocrx_word' id='word_1_291' title='bbox 1267 3113 1312 3160; x_wconf 85' lang='lat' dir='ltr'><strong>in</strong></span> <span class='ocrx_word' id='word_1_292' title='bbox 1337 3114 1415 3177; x_wconf 81' lang='lat' dir='ltr'><strong>jus</strong></span> <span class='ocrx_word' id='word_1_293' title='bbox 1446 3131 1634 3162; x_wconf 87' lang='lat' dir='ltr'><strong>vocare.</strong></span> <span class='ocrx_word' id='word_1_294' title='bbox 1685 3114 1793 3173; x_wconf 80' lang='lat' dir='ltr'><strong>Qua</strong></span> <span class='ocrx_word' id='word_1_295' title='bbox 1822 3133 1871 3163; x_wconf 87' lang='lat' dir='ltr'><strong>re</strong></span> <span class='ocrx_word' id='word_1_296' title='bbox 1900 3116 2032 3164; x_wconf 76' lang='lat' dir='ltr'><strong>cives</strong></span> 
     </span>
     <span class='ocr_line' id='line_1_35' title="bbox 193 3191 2029 3261; baseline 0.005 -23"><span class='ocrx_word' id='word_1_297' title='bbox 193 3208 304 3238; x_wconf 84' lang='lat' dir='ltr'><strong>suos</strong></span> <span class='ocrx_word' id='word_1_298' title='bbox 345 3191 541 3250; x_wconf 67' lang='lat' dir='ltr'><strong>egregie</strong></span> <span class='ocrx_word' id='word_1_299' title='bbox 578 3194 874 3254; x_wconf 78' lang='lat' dir='ltr'><strong>adsvesccit,</strong></span> <span class='ocrx_word' id='word_1_300' title='bbox 905 3205 957 3243; x_wconf 88' lang='lat' dir='ltr'><strong>ut</strong></span> <span class='ocrx_word' id='word_1_301' title='bbox 996 3196 1173 3259; x_wconf 77' lang='lat' dir='ltr'><strong>singuli</strong></span> <span class='ocrx_word' id='word_1_302' title='bbox 1216 3214 1323 3243; x_wconf 85' lang='grc'><strong>611111</strong></span> <span class='ocrx_word' id='word_1_303' title='bbox 1356 3196 1586 3259; x_wconf 77' lang='lat' dir='ltr'><strong>singulis,</strong></span> <span class='ocrx_word' id='word_1_304' title='bbox 1628 3206 1858 3261; x_wconf 84' lang='lat' dir='ltr'><strong>tanquam</strong></span> <span class='ocrx_word' id='word_1_305' title='bbox 1886 3199 2029 3247; x_wconf 87' lang='lat' dir='ltr'><strong>unius</strong></span> 
     </span>
     <span class='ocr_line' id='line_1_36' title="bbox 192 3273 2025 3346; baseline 0.004 -25"><span class='ocrx_word' id='word_1_306' title='bbox 192 3273 408 3338; x_wconf 87' lang='lat' dir='ltr'><strong>corporis</strong></span> <span class='ocrx_word' id='word_1_307' title='bbox 437 3282 625 3336; x_wconf 86' lang='lat' dir='ltr'><strong>partes,</strong></span> <span class='ocrx_word' id='word_1_308' title='bbox 655 3277 871 3327; x_wconf 81' lang='lat' dir='ltr'><strong>dolorem</strong></span> <span class='ocrx_word' id='word_1_309' title='bbox 900 3279 1267 3344; x_wconf 80' lang='lat' dir='ltr'><strong>participarent.</strong></span> <span class='ocrx_word' id='word_1_310' title='bbox 1302 3281 1633 3342; x_wconf 77' lang='lat' dir='ltr'><strong>Interrogatus</strong></span> <span class='ocrx_word' id='word_1_311' title='bbox 1661 3289 1850 3340; x_wconf 82' lang='lat' dir='ltr'><strong>autem,</strong></span> <span class='ocrx_word' id='word_1_312' title='bbox 1879 3297 2025 3346; x_wconf 81' lang='lat' dir='ltr'><strong>quac-</strong></span> 
     </span>
     <span class='ocr_line' id='line_1_37' title="bbox 194 3355 2023 3432; baseline 0.005 -29"><span class='ocrx_word' id='word_1_313' title='bbox 194 3373 306 3404; x_wconf 86' lang='lat' dir='ltr'><strong>nam</strong></span> <span class='ocrx_word' id='word_1_314' title='bbox 335 3355 446 3403; x_wconf 83' lang='lat' dir='ltr'><strong>urbs</strong></span> <span class='ocrx_word' id='word_1_315' title='bbox 476 3356 657 3419; x_wconf 81' lang='lat' dir='ltr'><strong>optimc</strong></span> <span class='ocrx_word' id='word_1_316' title='bbox 688 3359 1012 3417; x_wconf 79' lang='lat' dir='ltr'><strong>habitaretur,</strong></span> <span class='ocrx_word' id='word_1_317' title='bbox 1057 3363 1185 3424; x_wconf 68' lang='lat' dir='ltr'><strong>„Ea,</strong></span> <span class='ocrx_word' id='word_1_318' title='bbox 1225 3363 1406 3428; x_wconf 85' lang='lat' dir='ltr'><strong>inquit,</strong></span> <span class='ocrx_word' id='word_1_319' title='bbox 1446 3364 1494 3410; x_wconf 88' lang='lat' dir='ltr'><strong>in</strong></span> <span class='ocrx_word' id='word_1_320' title='bbox 1536 3380 1630 3428; x_wconf 87' lang='lat' dir='ltr'><strong>qua</strong></span> <span class='ocrx_word' id='word_1_321' title='bbox 1670 3382 1751 3412; x_wconf 82' lang='lat' dir='ltr'><strong>cos</strong></span> <span class='ocrx_word' id='word_1_322' title='bbox 1791 3366 1871 3430; x_wconf 89' lang='lat' dir='ltr'><strong>qui</strong></span> <span class='ocrx_word' id='word_1_323' title='bbox 1900 3365 2023 3432; x_wconf 87' lang='lat' dir='ltr'><strong>inju-</strong></span> 
     </span>
    </p>
   </div>
  </div>
 </body>
</html>
