<?xml version="1.0" encoding="UTF-8"?>
<!DOCTYPE html PUBLIC "-//W3C//DTD XHTML 1.0 Transitional//EN"
    "http://www.w3.org/TR/xhtml1/DTD/xhtml1-transitional.dtd">
<html xmlns="http://www.w3.org/1999/xhtml" xml:lang="en" lang="en">
 <head>
  <title>
</title>
<meta http-equiv="Content-Type" content="text/html;charset=utf-8" />
  <meta name='ocr-system' content='tesseract 3.04.00' />
  <meta name='ocr-capabilities' content='ocr_page ocr_carea ocr_par ocr_line ocrx_word'/>
</head>
<body>
  <div class='ocr_page' id='page_1' title='image "./synaggtnattiknno00tluoft_0626.png"; bbox 0 0 2114 3642; ppageno 0'>
   <div class='ocr_carea' id='block_1_1' title="bbox 123 193 1428 241">
    <p class='ocr_par' dir='ltr' id='par_1_1' title="bbox 123 193 1428 241">
     <span class='ocr_line' id='line_1_1' title="bbox 123 193 1428 241; baseline -0.006 -3"><span class='ocrx_word' id='word_1_1' title='bbox 123 193 226 241; x_wconf 81' lang='lat'>600</span> <span class='ocrx_word' id='word_1_2' title='bbox 661 202 1066 237; x_wconf 66' lang='lat' dir='ltr'>coMMEN‘rARws</span> <span class='ocrx_word' id='word_1_3' title='bbox 1094 200 1162 229; x_wconf 80' lang='lat' dir='ltr'>AD</span> <span class='ocrx_word' id='word_1_4' title='bbox 1194 197 1296 230; x_wconf 85' lang='lat'><strong>1339.</strong></span> <span class='ocrx_word' id='word_1_5' title='bbox 1326 199 1428 232; x_wconf 80' lang='lat'>1347.</span> 
     </span>
    </p>
   </div>
   <div class='ocr_carea' id='block_1_2' title="bbox 123 324 2036 1061">
    <p class='ocr_par' dir='ltr' id='par_1_2' title="bbox 123 324 2036 1061">
     <span class='ocr_line' id='line_1_2' title="bbox 265 324 1956 390; baseline -0.007 -6"><span class='ocrx_word' id='word_1_6' title='bbox 265 334 373 383; x_wconf 81' lang='lat' dir='ltr'>Cic</span> <span class='ocrx_word' id='word_1_7' title='bbox 390 352 493 384; x_wconf 90' lang='lat' dir='ltr'>ero</span> <span class='ocrx_word' id='word_1_8' title='bbox 521 336 551 383; x_wconf 84' lang='lat' dir='ltr'>d</span> <span class='ocrx_word' id='word_1_9' title='bbox 569 351 593 381; x_wconf 91' lang='lat' dir='ltr'>e</span> <span class='ocrx_word' id='word_1_10' title='bbox 623 352 643 381; x_wconf 89' lang='lat' dir='ltr'>s</span> <span class='ocrx_word' id='word_1_11' title='bbox 661 350 684 380; x_wconf 87' lang='lat' dir='ltr'>e</span> <span class='ocrx_word' id='word_1_12' title='bbox 702 349 731 377; x_wconf 87' lang='lat' dir='ltr'>n</span> <span class='ocrx_word' id='word_1_13' title='bbox 750 335 858 376; x_wconf 86' lang='lat' dir='ltr'>ect.</span> <span class='ocrx_word' id='word_1_14' title='bbox 889 327 933 381; x_wconf 77' lang='lat'>7,</span> <span class='ocrx_word' id='word_1_15' title='bbox 965 326 1051 372; x_wconf 80' lang='lat'>22:</span> <span class='ocrx_word' id='word_1_16' title='bbox 1081 324 1350 390; x_wconf 80' lang='lat' dir='ltr'>Sophocles</span> <span class='ocrx_word' id='word_1_17' title='bbox 1380 326 1441 375; x_wconf 88' lang='lat' dir='ltr'>ad</span> <span class='ocrx_word' id='word_1_18' title='bbox 1468 343 1707 374; x_wconf 86' lang='lat' dir='ltr'>summam</span> <span class='ocrx_word' id='word_1_19' title='bbox 1733 334 1956 375; x_wconf 87' lang='lat' dir='ltr'>senectu-</span> 
     </span>
     <span class='ocr_line' id='line_1_3' title="bbox 123 409 1958 481; baseline -0.005 -15"><span class='ocrx_word' id='word_1_20' title='bbox 123 426 221 466; x_wconf 88' lang='lat' dir='ltr'>tem</span> <span class='ocrx_word' id='word_1_21' title='bbox 248 419 527 481; x_wconf 86' lang='lat' dir='ltr'>tragoedias</span> <span class='ocrx_word' id='word_1_22' title='bbox 556 415 696 472; x_wconf 71' lang='lat' dir='ltr'>fecit,</span> <span class='ocrx_word' id='word_1_23' title='bbox 735 409 866 475; x_wconf 91' lang='lat' dir='ltr'>quod</span> <span class='ocrx_word' id='word_1_24' title='bbox 905 415 1106 473; x_wconf 87' lang='lat' dir='ltr'>propter</span> <span class='ocrx_word' id='word_1_25' title='bbox 1145 409 1357 458; x_wconf 90' lang='lat' dir='ltr'>studium</span> <span class='ocrx_word' id='word_1_26' title='bbox 1396 427 1545 472; x_wconf 90' lang='lat' dir='ltr'>quum</span> <span class='ocrx_word' id='word_1_27' title='bbox 1577 426 1680 458; x_wconf 90' lang='lat' dir='ltr'>rem</span> <span class='ocrx_word' id='word_1_28' title='bbox 1706 409 1958 473; x_wconf 79' lang='lat' dir='ltr'>negligere</span> 
     </span>
     <span class='ocr_line' id='line_1_4' title="bbox 124 491 1957 556; baseline -0.006 -6"><span class='ocrx_word' id='word_1_29' title='bbox 124 501 413 550; x_wconf 84' lang='lat' dir='ltr'>familiarem</span> <span class='ocrx_word' id='word_1_30' title='bbox 439 499 710 556; x_wconf 81' lang='lat' dir='ltr'>videretur,</span> <span class='ocrx_word' id='word_1_31' title='bbox 739 512 768 542; x_wconf 86' lang='lat' dir='ltr'>a</span> <span class='ocrx_word' id='word_1_32' title='bbox 793 493 905 541; x_wconf 90' lang='lat' dir='ltr'>filiis</span> <span class='ocrx_word' id='word_1_33' title='bbox 932 492 980 539; x_wconf 87' lang='lat' dir='ltr'>in</span> <span class='ocrx_word' id='word_1_34' title='bbox 1008 491 1252 556; x_wconf 82' lang='lat' dir='ltr'>judicium</span> <span class='ocrx_word' id='word_1_35' title='bbox 1278 500 1483 541; x_wconf 89' lang='lat' dir='ltr'>vocatus</span> <span class='ocrx_word' id='word_1_36' title='bbox 1512 499 1609 551; x_wconf 89' lang='lat' dir='ltr'>est,</span> <span class='ocrx_word' id='word_1_37' title='bbox 1639 500 1715 550; x_wconf 88' lang='lat' dir='ltr'>ut,</span> <span class='ocrx_word' id='word_1_38' title='bbox 1757 509 1957 556; x_wconf 88' lang='lat' dir='ltr'>quem-</span> 
     </span>
     <span class='ocr_line' id='line_1_5' title="bbox 125 574 1958 638; baseline -0.006 -6"><span class='ocrx_word' id='word_1_39' title='bbox 125 583 457 632; x_wconf 86' lang='lat' dir='ltr'><strong>admodum</strong></span> <span class='ocrx_word' id='word_1_40' title='bbox 497 586 720 628; x_wconf 86' lang='lat' dir='ltr'>nostro</span> <span class='ocrx_word' id='word_1_41' title='bbox 760 592 930 624; x_wconf 89' lang='lat' dir='ltr'>more</span> <span class='ocrx_word' id='word_1_42' title='bbox 970 574 1130 622; x_wconf 89' lang='lat' dir='ltr'>male</span> <span class='ocrx_word' id='word_1_43' title='bbox 1172 591 1300 623; x_wconf 89' lang='lat' dir='ltr'>rem</span> <span class='ocrx_word' id='word_1_44' title='bbox 1325 575 1720 638; x_wconf 80' lang='lat' dir='ltr'>gerentibus</span> <span class='ocrx_word' id='word_1_45' title='bbox 1760 575 1958 638; x_wconf 86' lang='lat' dir='ltr'>patri-</span> 
     </span>
     <span class='ocr_line' id='line_1_6' title="bbox 126 657 1962 723; baseline -0.005 -8"><span class='ocrx_word' id='word_1_46' title='bbox 126 667 241 714; x_wconf 91' lang='lat' dir='ltr'>bus</span> <span class='ocrx_word' id='word_1_47' title='bbox 279 665 469 713; x_wconf 87' lang='lat' dir='ltr'>bonis</span> <span class='ocrx_word' id='word_1_48' title='bbox 508 659 823 708; x_wconf 78' lang='lat' dir='ltr'>interdici</span> <span class='ocrx_word' id='word_1_49' title='bbox 863 659 1061 718; x_wconf 87' lang='lat' dir='ltr'>solet,</span> <span class='ocrx_word' id='word_1_50' title='bbox 1109 658 1177 705; x_wconf 90' lang='lat' dir='ltr'>sic</span> <span class='ocrx_word' id='word_1_51' title='bbox 1215 659 1351 708; x_wconf 89' lang='lat' dir='ltr'>illum</span> <span class='ocrx_word' id='word_1_52' title='bbox 1393 658 1530 723; x_wconf 82' lang='lat' dir='ltr'>quasi</span> <span class='ocrx_word' id='word_1_53' title='bbox 1571 657 1895 722; x_wconf 78' lang='lat' dir='ltr'>desipientem</span> <span class='ocrx_word' id='word_1_54' title='bbox 1934 676 1962 706; x_wconf 89' lang='lat' dir='ltr'>a</span> 
     </span>
     <span class='ocr_line' id='line_1_7' title="bbox 125 739 1960 807; baseline -0.005 -9"><span class='ocrx_word' id='word_1_55' title='bbox 125 767 176 797; x_wconf 89' lang='lat' dir='ltr'>re</span> <span class='ocrx_word' id='word_1_56' title='bbox 206 746 432 797; x_wconf 81' lang='lat' dir='ltr'>familiari</span> <span class='ocrx_word' id='word_1_57' title='bbox 460 750 772 792; x_wconf 82' lang='lat' dir='ltr'>removerent</span> <span class='ocrx_word' id='word_1_58' title='bbox 791 741 999 807; x_wconf 87' lang='lat' dir='ltr'>judices.</span> <span class='ocrx_word' id='word_1_59' title='bbox 1053 739 1183 788; x_wconf 86' lang='lat' dir='ltr'>Tum</span> <span class='ocrx_word' id='word_1_60' title='bbox 1209 758 1360 790; x_wconf 87' lang='lat' dir='ltr'>senex</span> <span class='ocrx_word' id='word_1_61' title='bbox 1388 740 1564 789; x_wconf 87' lang='lat' dir='ltr'>dicitur</span> <span class='ocrx_word' id='word_1_62' title='bbox 1591 757 1700 789; x_wconf 87' lang='lat' dir='ltr'>eam</span> <span class='ocrx_word' id='word_1_63' title='bbox 1728 740 1960 801; x_wconf 89' lang='lat' dir='ltr'>fabulam,</span> 
     </span>
     <span class='ocr_line' id='line_1_8' title="bbox 127 823 1962 895; baseline -0.004 -17"><span class='ocrx_word' id='word_1_64' title='bbox 127 848 270 895; x_wconf 87' lang='lat' dir='ltr'>quam</span> <span class='ocrx_word' id='word_1_65' title='bbox 298 831 346 876; x_wconf 90' lang='lat' dir='ltr'>in</span> <span class='ocrx_word' id='word_1_66' title='bbox 372 827 600 875; x_wconf 92' lang='lat' dir='ltr'>manibus</span> <span class='ocrx_word' id='word_1_67' title='bbox 628 825 845 874; x_wconf 86' lang='lat' dir='ltr'>habebat</span> <span class='ocrx_word' id='word_1_68' title='bbox 872 832 919 872; x_wconf 82' lang='lat' dir='ltr'>et</span> <span class='ocrx_word' id='word_1_69' title='bbox 952 824 1174 889; x_wconf 78' lang='lat' dir='ltr'>proxime</span> <span class='ocrx_word' id='word_1_70' title='bbox 1215 826 1502 889; x_wconf 81' lang='lat' dir='ltr'>scripserat,</span> <span class='ocrx_word' id='word_1_71' title='bbox 1545 823 1789 888; x_wconf 86' lang='lat' dir='ltr'>Oedipum</span> <span class='ocrx_word' id='word_1_72' title='bbox 1819 823 1962 873; x_wconf 82' lang='lat' dir='ltr'>Colo-</span> 
     </span>
     <span class='ocr_line' id='line_1_9' title="bbox 125 906 2036 975; baseline -0.004 -14"><span class='ocrx_word' id='word_1_73' title='bbox 125 930 296 971; x_wconf 88' lang='lat' dir='ltr'>neum,</span> <span class='ocrx_word' id='word_1_74' title='bbox 336 912 567 959; x_wconf 81' lang='lat' dir='ltr'>recitasse</span> <span class='ocrx_word' id='word_1_75' title='bbox 597 909 846 975; x_wconf 87' lang='lat' dir='ltr'>judicibus</span> <span class='ocrx_word' id='word_1_76' title='bbox 887 909 1259 973; x_wconf 82' lang='lat' dir='ltr'>quaesisseque,</span> <span class='ocrx_word' id='word_1_77' title='bbox 1303 926 1420 956; x_wconf 87' lang='lat' dir='ltr'>num</span> <span class='ocrx_word' id='word_1_78' title='bbox 1457 907 1578 955; x_wconf 87' lang='lat' dir='ltr'>illud</span> <span class='ocrx_word' id='word_1_79' title='bbox 1616 925 1812 956; x_wconf 88' lang='lat' dir='ltr'>carmen</span> <span class='ocrx_word' id='word_1_80' title='bbox 1839 906 1962 955; x_wconf 82' lang='lat' dir='ltr'>desi·</span> <span class='ocrx_word' id='word_1_81' title='bbox 2029 911 2036 919; x_wconf 81' lang='grc'><em>“</em></span> 
     </span>
     <span class='ocr_line' id='line_1_10' title="bbox 124 990 1963 1061; baseline -0.003 -17"><span class='ocrx_word' id='word_1_82' title='bbox 124 995 303 1061; x_wconf 90' lang='lat' dir='ltr'>pientis</span> <span class='ocrx_word' id='word_1_83' title='bbox 342 993 604 1042; x_wconf 81' lang='lat' dir='ltr'>videretur.</span> <span class='ocrx_word' id='word_1_84' title='bbox 658 993 768 1051; x_wconf 79' lang='lat' dir='ltr'>Quo</span> <span class='ocrx_word' id='word_1_85' title='bbox 803 990 1036 1051; x_wconf 80' lang='lat' dir='ltr'>recitato,</span> <span class='ocrx_word' id='word_1_86' title='bbox 1077 991 1330 1039; x_wconf 86' lang='lat' dir='ltr'>sententiis</span> <span class='ocrx_word' id='word_1_87' title='bbox 1359 991 1584 1055; x_wconf 88' lang='lat' dir='ltr'>judicum</span> <span class='ocrx_word' id='word_1_88' title='bbox 1611 998 1684 1038; x_wconf 93' lang='lat' dir='ltr'>est</span> <span class='ocrx_word' id='word_1_89' title='bbox 1709 991 1963 1039; x_wconf 88' lang='lat' dir='ltr'>liberatus.</span> 
     </span>
    </p>
   </div>
   <div class='ocr_carea' id='block_1_3' title="bbox 126 1084 1966 1734">
    <p class='ocr_par' dir='ltr' id='par_1_3' title="bbox 126 1084 1966 1734">
     <span class='ocr_line' id='line_1_11' title="bbox 266 1084 1964 1152; baseline -0.002 -16"><span class='ocrx_word' id='word_1_90' title='bbox 266 1087 434 1136; x_wconf 86' lang='lat' dir='ltr'>Simile</span> <span class='ocrx_word' id='word_1_91' title='bbox 484 1087 600 1152; x_wconf 92' lang='lat' dir='ltr'>quid</span> <span class='ocrx_word' id='word_1_92' title='bbox 641 1085 873 1134; x_wconf 87' lang='lat' dir='ltr'>accidisse</span> <span class='ocrx_word' id='word_1_93' title='bbox 910 1085 1195 1134; x_wconf 85' lang='lat' dir='ltr'>Democrito</span> <span class='ocrx_word' id='word_1_94' title='bbox 1248 1093 1415 1133; x_wconf 86' lang='lat' dir='ltr'>narrat</span> <span class='ocrx_word' id='word_1_95' title='bbox 1452 1085 1703 1147; x_wconf 85' lang='lat' dir='ltr'>Diogenes</span> <span class='ocrx_word' id='word_1_96' title='bbox 1741 1084 1964 1133; x_wconf 74' lang='lat' dir='ltr'>Laertius</span> 
     </span>
     <span class='ocr_line' id='line_1_12' title="bbox 127 1167 1966 1232; baseline -0.003 -11"><span class='ocrx_word' id='word_1_97' title='bbox 127 1172 239 1232; x_wconf 69' lang='lat' dir='ltr'>(IX,</span> <span class='ocrx_word' id='word_1_98' title='bbox 269 1171 532 1229; x_wconf 44' lang='lat' dir='ltr'>38-m39):</span> <span class='ocrx_word' id='word_1_99' title='bbox 571 1169 882 1218; x_wconf 88' lang='lat' dir='ltr'>Democritus</span> <span class='ocrx_word' id='word_1_100' title='bbox 923 1184 1102 1232; x_wconf 90' lang='lat' dir='ltr'>nempe</span> <span class='ocrx_word' id='word_1_101' title='bbox 1143 1176 1438 1232; x_wconf 87' lang='lat' dir='ltr'>consumpta</span> <span class='ocrx_word' id='word_1_102' title='bbox 1474 1168 1524 1214; x_wconf 91' lang='lat' dir='ltr'>in</span> <span class='ocrx_word' id='word_1_103' title='bbox 1552 1167 1806 1216; x_wconf 85' lang='lat' dir='ltr'>itineribus</span> <span class='ocrx_word' id='word_1_104' title='bbox 1833 1168 1966 1216; x_wconf 89' lang='lat' dir='ltr'>omni</span> 
     </span>
     <span class='ocr_line' id='line_1_13' title="bbox 127 1251 1965 1314; baseline -0.003 -9"><span class='ocrx_word' id='word_1_105' title='bbox 127 1275 177 1305; x_wconf 87' lang='lat' dir='ltr'>re</span> <span class='ocrx_word' id='word_1_106' title='bbox 219 1254 447 1304; x_wconf 81' lang='lat' dir='ltr'>familiari</span> <span class='ocrx_word' id='word_1_107' title='bbox 487 1253 641 1302; x_wconf 83' lang='lat' dir='ltr'>redux</span> <span class='ocrx_word' id='word_1_108' title='bbox 681 1253 730 1299; x_wconf 94' lang='lat' dir='ltr'>in</span> <span class='ocrx_word' id='word_1_109' title='bbox 770 1269 958 1300; x_wconf 88' lang='lat' dir='ltr'>summa</span> <span class='ocrx_word' id='word_1_110' title='bbox 996 1252 1198 1300; x_wconf 86' lang='lat' dir='ltr'>vivebat</span> <span class='ocrx_word' id='word_1_111' title='bbox 1237 1258 1470 1314; x_wconf 86' lang='lat' dir='ltr'>egestate.</span> <span class='ocrx_word' id='word_1_112' title='bbox 1524 1251 1686 1310; x_wconf 80' lang='lat' dir='ltr'>Quum</span> <span class='ocrx_word' id='word_1_113' title='bbox 1728 1268 1845 1299; x_wconf 88' lang='lat' dir='ltr'>vero</span> <span class='ocrx_word' id='word_1_114' title='bbox 1885 1252 1965 1300; x_wconf 89' lang='lat' dir='ltr'>lex</span> 
     </span>
     <span class='ocr_line' id='line_1_14' title="bbox 126 1334 1966 1404; baseline -0.003 -16"><span class='ocrx_word' id='word_1_115' title='bbox 126 1338 257 1404; x_wconf 87' lang='lat' dir='ltr'>apud</span> <span class='ocrx_word' id='word_1_116' title='bbox 285 1337 546 1387; x_wconf 77' lang='lat' dir='ltr'>Abderitas</span> <span class='ocrx_word' id='word_1_117' title='bbox 581 1344 734 1396; x_wconf 90' lang='lat' dir='ltr'>esset,</span> <span class='ocrx_word' id='word_1_118' title='bbox 775 1344 826 1384; x_wconf 90' lang='lat' dir='ltr'>ut</span> <span class='ocrx_word' id='word_1_119' title='bbox 865 1335 945 1399; x_wconf 88' lang='lat' dir='ltr'>qui</span> <span class='ocrx_word' id='word_1_120' title='bbox 988 1335 1339 1400; x_wconf 82' lang='lat' dir='ltr'>patrimonium</span> <span class='ocrx_word' id='word_1_121' title='bbox 1378 1334 1696 1400; x_wconf 86' lang='lat' dir='ltr'>dilapidasset</span> <span class='ocrx_word' id='word_1_122' title='bbox 1735 1334 1966 1397; x_wconf 82' lang='lat' dir='ltr'>indignus</span> 
     </span>
     <span class='ocr_line' id='line_1_15' title="bbox 126 1417 1962 1487; baseline -0.003 -16"><span class='ocrx_word' id='word_1_123' title='bbox 126 1421 376 1487; x_wconf 87' lang='lat' dir='ltr'>sepultura</span> <span class='ocrx_word' id='word_1_124' title='bbox 413 1420 463 1467; x_wconf 91' lang='lat' dir='ltr'>in</span> <span class='ocrx_word' id='word_1_125' title='bbox 502 1419 685 1484; x_wconf 85' lang='lat' dir='ltr'>patriae</span> <span class='ocrx_word' id='word_1_126' title='bbox 727 1419 907 1467; x_wconf 89' lang='lat' dir='ltr'>finibus</span> <span class='ocrx_word' id='word_1_127' title='bbox 946 1418 1238 1478; x_wconf 75' lang='lat' dir='ltr'>haberetur,</span> <span class='ocrx_word' id='word_1_128' title='bbox 1279 1418 1589 1467; x_wconf 87' lang='lat' dir='ltr'>Democritus</span> <span class='ocrx_word' id='word_1_129' title='bbox 1630 1435 1691 1466; x_wconf 88' lang='lat' dir='ltr'>ne</span> <span class='ocrx_word' id='word_1_130' title='bbox 1729 1417 1790 1466; x_wconf 88' lang='lat' dir='ltr'>ad</span> <span class='ocrx_word' id='word_1_131' title='bbox 1819 1418 1962 1465; x_wconf 88' lang='lat' dir='ltr'>ratio-</span> 
     </span>
     <span class='ocr_line' id='line_1_16' title="bbox 126 1501 1964 1567; baseline -0.003 -13"><span class='ocrx_word' id='word_1_132' title='bbox 126 1523 242 1554; x_wconf 87' lang='lat' dir='ltr'>nem</span> <span class='ocrx_word' id='word_1_133' title='bbox 280 1503 582 1552; x_wconf 86' lang='lat' dir='ltr'>reddendam</span> <span class='ocrx_word' id='word_1_134' title='bbox 618 1504 668 1550; x_wconf 93' lang='lat' dir='ltr'>in</span> <span class='ocrx_word' id='word_1_135' title='bbox 700 1504 783 1567; x_wconf 88' lang='lat' dir='ltr'>jus</span> <span class='ocrx_word' id='word_1_136' title='bbox 840 1509 1126 1560; x_wconf 84' lang='lat' dir='ltr'>vocaretur,</span> <span class='ocrx_word' id='word_1_137' title='bbox 1179 1502 1404 1550; x_wconf 81' lang='lat' dir='ltr'>recitavit</span> <span class='ocrx_word' id='word_1_138' title='bbox 1443 1501 1690 1550; x_wconf 86' lang='lat' dir='ltr'>Abderitis</span> <span class='ocrx_word' id='word_1_139' title='bbox 1728 1519 1964 1565; x_wconf 90' lang='lat' dir='ltr'>magnum</span> 
     </span>
     <span class='ocr_line' id='line_1_17' title="bbox 126 1586 1964 1651; baseline -0.001 -15"><span class='ocrx_word' id='word_1_140' title='bbox 126 1589 553 1648; x_wconf 88' lang='lat' dir='ltr'>Diacosmum,</span> <span class='ocrx_word' id='word_1_141' title='bbox 583 1586 814 1634; x_wconf 90' lang='lat' dir='ltr'>eximium</span> <span class='ocrx_word' id='word_1_142' title='bbox 843 1604 979 1651; x_wconf 88' lang='lat' dir='ltr'>opus.</span> <span class='ocrx_word' id='word_1_143' title='bbox 1023 1586 1132 1646; x_wconf 79' lang='lat' dir='ltr'>Quo</span> <span class='ocrx_word' id='word_1_144' title='bbox 1159 1586 1289 1635; x_wconf 86' lang='lat' dir='ltr'>facto</span> <span class='ocrx_word' id='word_1_145' title='bbox 1317 1587 1697 1651; x_wconf 83' lang='lat' dir='ltr'>quingentorum</span> <span class='ocrx_word' id='word_1_146' title='bbox 1725 1602 1964 1635; x_wconf 88' lang='lat' dir='ltr'>summam</span> 
     </span>
     <span class='ocr_line' id='line_1_18' title="bbox 127 1669 960 1734; baseline -0.005 -14"><span class='ocrx_word' id='word_1_147' title='bbox 127 1672 423 1721; x_wconf 88' lang='lat' dir='ltr'>talentorum</span> <span class='ocrx_word' id='word_1_148' title='bbox 450 1669 722 1734; x_wconf 90' lang='lat' dir='ltr'>praemium</span> <span class='ocrx_word' id='word_1_149' title='bbox 755 1670 960 1733; x_wconf 75' lang='lat' dir='ltr'>accepit,</span> 
     </span>
    </p>
   </div>
   <div class='ocr_carea' id='block_1_4' title="bbox 896 1809 1213 1861">
    <p class='ocr_par' dir='ltr' id='par_1_4' title="bbox 896 1809 1213 1861">
     <span class='ocr_line' id='line_1_19' title="bbox 896 1809 1213 1861; baseline 0 0"><span class='ocrx_word' id='word_1_150' title='bbox 896 1809 995 1861; x_wconf 76' lang='lat' dir='ltr'>Ad</span> <span class='ocrx_word' id='word_1_151' title='bbox 1025 1810 1213 1861; x_wconf 84' lang='lat'><strong>1347.</strong></span> 
     </span>
    </p>
   </div>
   <div class='ocr_carea' id='block_1_5' title="bbox 121 1921 2015 3402">
    <p class='ocr_par' dir='ltr' id='par_1_5' title="bbox 121 1921 1972 2720">
     <span class='ocr_line' id='line_1_20' title="bbox 273 1921 1967 1989; baseline -0.001 -18"><span class='ocrx_word' id='word_1_152' title='bbox 273 1922 539 1971; x_wconf 80' lang='lat' dir='ltr'>Heffter</span> <span class='ocrx_word' id='word_1_153' title='bbox 567 1922 685 1981; x_wconf 86' lang='lat' dir='ltr'>(Die</span> <span class='ocrx_word' id='word_1_154' title='bbox 713 1922 873 1970; x_wconf 85' lang='lat' dir='ltr'>athen.</span> <span class='ocrx_word' id='word_1_155' title='bbox 892 1921 1426 1988; x_wconf 78' lang='lat' dir='ltr'>Gerichtsverfassung</span> <span class='ocrx_word' id='word_1_156' title='bbox 1453 1943 1498 1989; x_wconf 89' lang='lat' dir='ltr'>p.</span> <span class='ocrx_word' id='word_1_157' title='bbox 1519 1923 1629 1985; x_wconf 74' lang='lat'>74),</span> <span class='ocrx_word' id='word_1_158' title='bbox 1657 1924 1771 1972; x_wconf 88' lang='lat' dir='ltr'>item</span> <span class='ocrx_word' id='word_1_159' title='bbox 1801 1922 1967 1970; x_wconf 87' lang='lat' dir='ltr'>Plat-</span> 
     </span>
     <span class='ocr_line' id='line_1_21' title="bbox 129 2005 1969 2071; baseline -0.001 -16"><span class='ocrx_word' id='word_1_160' title='bbox 129 2025 241 2055; x_wconf 87' lang='lat' dir='ltr'>ner</span> <span class='ocrx_word' id='word_1_161' title='bbox 269 2005 524 2068; x_wconf 80' lang='lat' dir='ltr'>(Beitr‘age</span> <span class='ocrx_word' id='word_1_162' title='bbox 554 2023 636 2053; x_wconf 83' lang='lat' dir='ltr'>zur</span> <span class='ocrx_word' id='word_1_163' title='bbox 664 2005 940 2053; x_wconf 83' lang='lat' dir='ltr'>Kenntniss</span> <span class='ocrx_word' id='word_1_164' title='bbox 969 2006 1055 2053; x_wconf 81' lang='lat' dir='ltr'>des</span> <span class='ocrx_word' id='word_1_165' title='bbox 1083 2013 1167 2054; x_wconf 87' lang='lat' dir='ltr'>att.</span> <span class='ocrx_word' id='word_1_166' title='bbox 1195 2006 1409 2055; x_wconf 84' lang='lat' dir='ltr'>Rechtes</span> <span class='ocrx_word' id='word_1_167' title='bbox 1437 2026 1482 2071; x_wconf 87' lang='lat' dir='ltr'>p.</span> <span class='ocrx_word' id='word_1_168' title='bbox 1510 2008 1637 2067; x_wconf 78' lang='lat'>118)</span> <span class='ocrx_word' id='word_1_169' title='bbox 1667 2015 1715 2056; x_wconf 88' lang='lat' dir='ltr'>et</span> <span class='ocrx_word' id='word_1_170' title='bbox 1741 2014 1852 2055; x_wconf 90' lang='lat' dir='ltr'>ante</span> <span class='ocrx_word' id='word_1_171' title='bbox 1881 2006 1969 2054; x_wconf 86' lang='lat' dir='ltr'>hos</span> 
     </span>
     <span class='ocr_line' id='line_1_22' title="bbox 121 2088 1968 2156; baseline -0.002 -17"><span class='ocrx_word' id='word_1_172' title='bbox 121 2092 226 2156; x_wconf 86' lang='lat' dir='ltr'>jam</span> <span class='ocrx_word' id='word_1_173' title='bbox 240 2088 470 2137; x_wconf 85' lang='lat' dir='ltr'>Reiskius</span> <span class='ocrx_word' id='word_1_174' title='bbox 497 2090 736 2150; x_wconf 69' lang='grc' dir='ltr'><em>ἐπιτρέψῃ</em></span> <span class='ocrx_word' id='word_1_175' title='bbox 763 2088 824 2136; x_wconf 88' lang='lat' dir='ltr'>ad</span> <span class='ocrx_word' id='word_1_176' title='bbox 852 2089 1004 2137; x_wconf 89' lang='lat' dir='ltr'>filiam</span> <span class='ocrx_word' id='word_1_177' title='bbox 1030 2088 1375 2137; x_wconf 85' lang='lat' dir='ltr'>hereditariam</span> <span class='ocrx_word' id='word_1_178' title='bbox 1402 2090 1634 2152; x_wconf 85' lang='lat' dir='ltr'>referunt,</span> <span class='ocrx_word' id='word_1_179' title='bbox 1664 2107 1722 2139; x_wconf 85' lang='lat' dir='ltr'>ac</span> <span class='ocrx_word' id='word_1_180' title='bbox 1749 2090 1787 2138; x_wconf 89' lang='lat' dir='ltr'>si</span> <span class='ocrx_word' id='word_1_181' title='bbox 1816 2095 1968 2138; x_wconf 87' lang='lat' dir='ltr'>esset:</span> 
     </span>
     <span class='ocr_line' id='line_1_23' title="bbox 131 2167 1972 2238; baseline 0.001 -20"><span class='ocrx_word' id='word_1_182' title='bbox 131 2174 367 2234; x_wconf 65' lang='grc' dir='ltr'>ἐπιτρέψῃ</span> <span class='ocrx_word' id='word_1_183' title='bbox 396 2167 592 2227; x_wconf 74' lang='grc' dir='ltr'>ἑαυτήν.</span> <span class='ocrx_word' id='word_1_184' title='bbox 646 2169 971 2234; x_wconf 82' lang='lat' dir='ltr'>Schellingius</span> <span class='ocrx_word' id='word_1_185' title='bbox 1001 2171 1099 2231; x_wconf 89' lang='lat' dir='ltr'>(De</span> <span class='ocrx_word' id='word_1_186' title='bbox 1128 2171 1325 2221; x_wconf 83' lang='lat' dir='ltr'>Solonis</span> <span class='ocrx_word' id='word_1_187' title='bbox 1352 2173 1546 2235; x_wconf 85' lang='lat' dir='ltr'>legibus</span> <span class='ocrx_word' id='word_1_188' title='bbox 1574 2192 1619 2238; x_wconf 92' lang='lat' dir='ltr'>p.</span> <span class='ocrx_word' id='word_1_189' title='bbox 1649 2173 1746 2235; x_wconf 85' lang='lat'>97)</span> <span class='ocrx_word' id='word_1_190' title='bbox 1787 2172 1972 2237; x_wconf 86' lang='lat' dir='ltr'>rejecta</span> 
     </span>
     <span class='ocr_line' id='line_1_24' title="bbox 130 2248 1968 2319; baseline -0.006 -8"><span class='ocrx_word' id='word_1_191' title='bbox 130 2257 222 2305; x_wconf 69' lang='lat' dir='ltr'>hac</span> <span class='ocrx_word' id='word_1_192' title='bbox 247 2254 506 2319; x_wconf 63' lang='lat' dir='ltr'>Opinione,</span> <span class='ocrx_word' id='word_1_193' title='bbox 547 2272 636 2319; x_wconf 81' lang='lat' dir='ltr'>pl&#39;O</span> <span class='ocrx_word' id='word_1_194' title='bbox 676 2248 767 2300; x_wconf 65' lang='grc' dir='ltr'>ἐὰν</span> <span class='ocrx_word' id='word_1_195' title='bbox 805 2250 852 2300; x_wconf 56' lang='grc' dir='ltr'>δὲ</span> <span class='ocrx_word' id='word_1_196' title='bbox 887 2250 958 2315; x_wconf 64' lang='grc' dir='ltr'><em>μή</em></span> <span class='ocrx_word' id='word_1_197' title='bbox 1000 2272 1028 2315; x_wconf 79' lang='grc' dir='ltr'>,η</span> <span class='ocrx_word' id='word_1_198' title='bbox 1070 2255 1338 2319; x_wconf 86' lang='lat' dir='ltr'>legendum</span> <span class='ocrx_word' id='word_1_199' title='bbox 1378 2255 1667 2304; x_wconf 86' lang='lat' dir='ltr'>arbitratur:</span> <span class='ocrx_word' id='word_1_200' title='bbox 1707 2252 1797 2302; x_wconf 73' lang='grc' dir='ltr'>ἐὰν</span> <span class='ocrx_word' id='word_1_201' title='bbox 1825 2252 1873 2302; x_wconf 70' lang='grc' dir='ltr'>δὲ</span> <span class='ocrx_word' id='word_1_202' title='bbox 1896 2251 1968 2316; x_wconf 80' lang='grc' dir='ltr'>μὴ</span> 
     </span>
     <span class='ocr_line' id='line_1_25' title="bbox 133 2334 1967 2402; baseline 0.001 -17"><span class='ocrx_word' id='word_1_203' title='bbox 133 2339 252 2399; x_wconf 73' lang='grc' dir='ltr'>ἔχῃ,</span> <span class='ocrx_word' id='word_1_204' title='bbox 292 2345 346 2386; x_wconf 93' lang='lat' dir='ltr'>ut</span> <span class='ocrx_word' id='word_1_205' title='bbox 382 2337 443 2386; x_wconf 89' lang='lat' dir='ltr'>ad</span> <span class='ocrx_word' id='word_1_206' title='bbox 483 2337 603 2386; x_wconf 86' lang='lat' dir='ltr'>haec</span> <span class='ocrx_word' id='word_1_207' title='bbox 643 2337 796 2385; x_wconf 88' lang='lat' dir='ltr'>verba</span> <span class='ocrx_word' id='word_1_208' title='bbox 832 2338 1133 2402; x_wconf 78' lang='lat' dir='ltr'>intelligatur</span> <span class='ocrx_word' id='word_1_209' title='bbox 1171 2334 1375 2399; x_wconf 80' lang='grc' dir='ltr'><strong><em>κύριος,</em></strong></span> <span class='ocrx_word' id='word_1_210' title='bbox 1418 2347 1465 2386; x_wconf 92' lang='lat' dir='ltr'>et</span> <span class='ocrx_word' id='word_1_211' title='bbox 1498 2346 1628 2388; x_wconf 90' lang='lat' dir='ltr'>totus</span> <span class='ocrx_word' id='word_1_212' title='bbox 1657 2340 1793 2388; x_wconf 89' lang='lat' dir='ltr'>locus</span> <span class='ocrx_word' id='word_1_213' title='bbox 1819 2340 1967 2386; x_wconf 90' lang='lat' dir='ltr'>inter-</span> 
     </span>
     <span class='ocr_line' id='line_1_26' title="bbox 132 2421 1967 2489; baseline -0.001 -19"><span class='ocrx_word' id='word_1_214' title='bbox 132 2421 399 2489; x_wconf 85' lang='lat' dir='ltr'>pretandus</span> <span class='ocrx_word' id='word_1_215' title='bbox 426 2422 512 2470; x_wconf 85' lang='lat' dir='ltr'>sit:</span> <span class='ocrx_word' id='word_1_216' title='bbox 555 2421 626 2483; x_wconf 85' lang='lat' dir='ltr'>„si</span> <span class='ocrx_word' id='word_1_217' title='bbox 667 2421 843 2470; x_wconf 89' lang='lat' dir='ltr'>horum</span> <span class='ocrx_word' id='word_1_218' title='bbox 882 2438 1027 2469; x_wconf 85' lang='lat' dir='ltr'>nemo</span> <span class='ocrx_word' id='word_1_219' title='bbox 1071 2422 1311 2486; x_wconf 83' lang='lat' dir='ltr'>supersit,</span> <span class='ocrx_word' id='word_1_220' title='bbox 1352 2422 1390 2469; x_wconf 88' lang='lat' dir='ltr'>si</span> <span class='ocrx_word' id='word_1_221' title='bbox 1419 2439 1541 2486; x_wconf 85' lang='lat' dir='ltr'>quae</span> <span class='ocrx_word' id='word_1_222' title='bbox 1569 2422 1717 2486; x_wconf 88' lang='lat' dir='ltr'>igitur</span> <span class='ocrx_word' id='word_1_223' title='bbox 1745 2423 1865 2471; x_wconf 87' lang='lat' dir='ltr'>orba</span> <span class='ocrx_word' id='word_1_224' title='bbox 1893 2422 1967 2481; x_wconf 88' lang='lat' dir='ltr'>sit,</span> 
     </span>
     <span class='ocr_line' id='line_1_27' title="bbox 135 2499 1969 2570; baseline 0.001 -19"><span class='ocrx_word' id='word_1_225' title='bbox 135 2499 161 2551; x_wconf 74' lang='grc' dir='ltr'>ὁ</span> <span class='ocrx_word' id='word_1_226' title='bbox 191 2501 367 2567; x_wconf 79' lang='grc' dir='ltr'><em>κύριος</em></span> <span class='ocrx_word' id='word_1_227' title='bbox 395 2505 464 2565; x_wconf 91' lang='lat' dir='ltr'>(is</span> <span class='ocrx_word' id='word_1_228' title='bbox 494 2505 575 2568; x_wconf 92' lang='lat' dir='ltr'>qui</span> <span class='ocrx_word' id='word_1_229' title='bbox 601 2506 852 2570; x_wconf 86' lang='lat' dir='ltr'>proximus</span> <span class='ocrx_word' id='word_1_230' title='bbox 881 2513 953 2553; x_wconf 87' lang='lat' dir='ltr'>est</span> <span class='ocrx_word' id='word_1_231' title='bbox 979 2506 1182 2569; x_wconf 84' lang='lat' dir='ltr'>virginis</span> <span class='ocrx_word' id='word_1_232' title='bbox 1218 2506 1485 2568; x_wconf 84' lang='lat' dir='ltr'>cognatus)</span> <span class='ocrx_word' id='word_1_233' title='bbox 1514 2523 1621 2553; x_wconf 91' lang='lat' dir='ltr'>eam</span> <span class='ocrx_word' id='word_1_234' title='bbox 1648 2506 1855 2567; x_wconf 77' lang='lat' dir='ltr'>habeat3</span> <span class='ocrx_word' id='word_1_235' title='bbox 1895 2506 1969 2553; x_wconf 88' lang='lat' dir='ltr'>sin</span> 
     </span>
     <span class='ocr_line' id='line_1_28' title="bbox 134 2587 1970 2650; baseline 0 -13"><span class='ocrx_word' id='word_1_236' title='bbox 134 2608 233 2637; x_wconf 88' lang='lat' dir='ltr'>non</span> <span class='ocrx_word' id='word_1_237' title='bbox 259 2588 440 2636; x_wconf 87' lang='lat' dir='ltr'>habeat</span> <span class='ocrx_word' id='word_1_238' title='bbox 474 2587 545 2648; x_wconf 86' lang='lat' dir='ltr'>(h.</span> <span class='ocrx_word' id='word_1_239' title='bbox 571 2606 610 2636; x_wconf 88' lang='lat' dir='ltr'>e.</span> <span class='ocrx_word' id='word_1_240' title='bbox 640 2589 679 2636; x_wconf 87' lang='lat' dir='ltr'>si</span> <span class='ocrx_word' id='word_1_241' title='bbox 709 2605 817 2637; x_wconf 85' lang='lat' dir='ltr'>eam</span> <span class='ocrx_word' id='word_1_242' title='bbox 842 2589 1024 2640; x_wconf 83' lang='lat' dir='ltr'>habere</span> <span class='ocrx_word' id='word_1_243' title='bbox 1056 2589 1202 2648; x_wconf 86' lang='lat' dir='ltr'>nolit)</span> <span class='ocrx_word' id='word_1_244' title='bbox 1242 2589 1307 2649; x_wconf 91' lang='lat' dir='ltr'>is,</span> <span class='ocrx_word' id='word_1_245' title='bbox 1352 2589 1428 2637; x_wconf 91' lang='lat' dir='ltr'>cui</span> <span class='ocrx_word' id='word_1_246' title='bbox 1457 2606 1564 2637; x_wconf 88' lang='lat' dir='ltr'>eam</span> <span class='ocrx_word' id='word_1_247' title='bbox 1591 2589 1779 2650; x_wconf 83' lang='lat' dir='ltr'>tradat,</span> <span class='ocrx_word' id='word_1_248' title='bbox 1819 2588 1970 2638; x_wconf 89' lang='lat' dir='ltr'>domi-</span> 
     </span>
     <span class='ocr_line' id='line_1_29' title="bbox 134 2672 707 2720; baseline 0 0"><span class='ocrx_word' id='word_1_249' title='bbox 134 2689 225 2720; x_wconf 90' lang='lat' dir='ltr'>nus</span> <span class='ocrx_word' id='word_1_250' title='bbox 252 2679 298 2720; x_wconf 93' lang='lat' dir='ltr'>et</span> <span class='ocrx_word' id='word_1_251' title='bbox 324 2672 528 2720; x_wconf 87' lang='lat' dir='ltr'>maritus</span> <span class='ocrx_word' id='word_1_252' title='bbox 556 2672 707 2720; x_wconf 82' lang='lat' dir='ltr'>est0.“</span> 
     </span>
    </p>

    <p class='ocr_par' dir='ltr' id='par_1_6' title="bbox 136 2753 2015 3232">
     <span class='ocr_line' id='line_1_30' title="bbox 277 2753 1972 2821; baseline 0.001 -20"><span class='ocrx_word' id='word_1_253' title='bbox 277 2753 560 2804; x_wconf 82' lang='lat' dir='ltr'>Secundum</span> <span class='ocrx_word' id='word_1_254' title='bbox 595 2755 902 2804; x_wconf 82' lang='lat' dir='ltr'>Platonis</span> <span class='ocrx_word' id='word_1_255' title='bbox 944 2756 984 2804; x_wconf 92' lang='lat' dir='ltr'>L</span> <span class='ocrx_word' id='word_1_256' title='bbox 1001 2773 1073 2820; x_wconf 88' lang='lat' dir='ltr'>eg</span> <span class='ocrx_word' id='word_1_257' title='bbox 1092 2774 1115 2804; x_wconf 93' lang='lat' dir='ltr'>e</span> <span class='ocrx_word' id='word_1_258' title='bbox 1132 2774 1153 2804; x_wconf 85' lang='lat' dir='ltr'>s</span> <span class='ocrx_word' id='word_1_259' title='bbox 1194 2756 1341 2816; x_wconf 73' lang='lat'>(774,</span> <span class='ocrx_word' id='word_1_260' title='bbox 1368 2757 1462 2816; x_wconf 84' lang='lat' dir='ltr'>E),</span> <span class='ocrx_word' id='word_1_261' title='bbox 1504 2755 1704 2821; x_wconf 91' lang='lat' dir='ltr'>sponsio</span> <span class='ocrx_word' id='word_1_262' title='bbox 1744 2757 1885 2804; x_wconf 89' lang='lat' dir='ltr'>firma</span> <span class='ocrx_word' id='word_1_263' title='bbox 1910 2755 1972 2804; x_wconf 89' lang='lat' dir='ltr'>sit</span> 
     </span>
     <span class='ocr_line' id='line_1_31' title="bbox 137 2838 1968 2904; baseline 0.001 -19"><span class='ocrx_word' id='word_1_264' title='bbox 137 2838 344 2901; x_wconf 88' lang='lat' dir='ltr'>primum</span> <span class='ocrx_word' id='word_1_265' title='bbox 370 2838 549 2902; x_wconf 88' lang='lat' dir='ltr'>patris,</span> <span class='ocrx_word' id='word_1_266' title='bbox 591 2839 941 2887; x_wconf 85' lang='lat' dir='ltr'>secund0¹loco</span> <span class='ocrx_word' id='word_1_267' title='bbox 969 2839 1073 2899; x_wconf 90' lang='lat' dir='ltr'>avi,</span> <span class='ocrx_word' id='word_1_268' title='bbox 1110 2839 1254 2888; x_wconf 85' lang='lat' dir='ltr'>tertio</span> <span class='ocrx_word' id='word_1_269' title='bbox 1283 2840 1489 2888; x_wconf 86' lang='lat' dir='ltr'>fratrum</span> <span class='ocrx_word' id='word_1_270' title='bbox 1516 2839 1689 2887; x_wconf 90' lang='lat' dir='ltr'>eodem</span> <span class='ocrx_word' id='word_1_271' title='bbox 1716 2847 1856 2904; x_wconf 86' lang='lat' dir='ltr'>patre</span> <span class='ocrx_word' id='word_1_272' title='bbox 1884 2856 1968 2886; x_wconf 85' lang='lat' dir='ltr'>na-</span> 
     </span>
     <span class='ocr_line' id='line_1_32' title="bbox 137 2911 1969 2987; baseline 0.001 -20"><span class='ocrx_word' id='word_1_273' title='bbox 137 2926 298 2967; x_wconf 88' lang='lat' dir='ltr'>torum</span> <span class='ocrx_word' id='word_1_274' title='bbox 329 2911 740 2983; x_wconf 76' lang='grc' dir='ltr'>(ὂμοπατρίων);</span> <span class='ocrx_word' id='word_1_275' title='bbox 780 2923 854 2970; x_wconf 86' lang='lat' dir='ltr'>sin</span> <span class='ocrx_word' id='word_1_276' title='bbox 880 2922 1043 2970; x_wconf 87' lang='lat' dir='ltr'>nullus</span> <span class='ocrx_word' id='word_1_277' title='bbox 1071 2921 1244 2969; x_wconf 83' lang='lat' dir='ltr'>horum</span> <span class='ocrx_word' id='word_1_278' title='bbox 1274 2930 1521 2987; x_wconf 79' lang='lat' dir='ltr'>superstes</span> <span class='ocrx_word' id='word_1_279' title='bbox 1549 2930 1647 2981; x_wconf 85' lang='lat' dir='ltr'>est,</span> <span class='ocrx_word' id='word_1_280' title='bbox 1676 2922 1737 2969; x_wconf 89' lang='lat' dir='ltr'>ad</span> <span class='ocrx_word' id='word_1_281' title='bbox 1765 2930 1969 2969; x_wconf 86' lang='lat' dir='ltr'>matrem</span> 
     </span>
     <span class='ocr_line' id='line_1_33' title="bbox 137 3002 1971 3070; baseline 0.001 -21"><span class='ocrx_word' id='word_1_282' title='bbox 137 3002 313 3050; x_wconf 86' lang='lat' dir='ltr'>deinde</span> <span class='ocrx_word' id='word_1_283' title='bbox 353 3009 568 3052; x_wconf 85' lang='lat' dir='ltr'>transeat</span> <span class='ocrx_word' id='word_1_284' title='bbox 607 3005 712 3070; x_wconf 88' lang='lat' dir='ltr'>pari</span> <span class='ocrx_word' id='word_1_285' title='bbox 747 3006 1003 3065; x_wconf 74' lang='lat' dir='ltr'>firmitate3</span> <span class='ocrx_word' id='word_1_286' title='bbox 1042 3006 1238 3053; x_wconf 88' lang='lat' dir='ltr'>insolita</span> <span class='ocrx_word' id='word_1_287' title='bbox 1277 3013 1441 3054; x_wconf 80' lang='lat' dir='ltr'>autem</span> <span class='ocrx_word' id='word_1_288' title='bbox 1479 3006 1733 3053; x_wconf 80' lang='lat' dir='ltr'>accidente</span> <span class='ocrx_word' id='word_1_289' title='bbox 1772 3005 1971 3052; x_wconf 86' lang='lat' dir='ltr'>fortuna</span> 
     </span>
     <span class='ocr_line' id='line_1_34' title="bbox 137 3086 2015 3154; baseline 0.001 -20"><span class='ocrx_word' id='word_1_290' title='bbox 137 3086 326 3150; x_wconf 86' lang='lat' dir='ltr'>aliqua,</span> <span class='ocrx_word' id='word_1_291' title='bbox 355 3091 408 3132; x_wconf 84' lang='lat' dir='ltr'>ut</span> <span class='ocrx_word' id='word_1_292' title='bbox 435 3087 612 3150; x_wconf 91' lang='lat' dir='ltr'>quique</span> <span class='ocrx_word' id='word_1_293' title='bbox 640 3106 821 3151; x_wconf 84' lang='lat' dir='ltr'>genere</span> <span class='ocrx_word' id='word_1_294' title='bbox 851 3089 1059 3154; x_wconf 87' lang='lat' dir='ltr'>proximi</span> <span class='ocrx_word' id='word_1_295' title='bbox 1088 3097 1225 3146; x_wconf 89' lang='lat' dir='ltr'>sunt,</span> <span class='ocrx_word' id='word_1_296' title='bbox 1260 3090 1325 3136; x_wconf 85' lang='lat' dir='ltr'>ita</span> <span class='ocrx_word' id='word_1_297' title='bbox 1353 3088 1610 3137; x_wconf 87' lang='lat' dir='ltr'>firmissimi</span> <span class='ocrx_word' id='word_1_298' title='bbox 1636 3089 1733 3136; x_wconf 90' lang='lat' dir='ltr'>sint</span> <span class='ocrx_word' id='word_1_299' title='bbox 1759 3103 1871 3134; x_wconf 88' lang='lat' dir='ltr'>cum</span> <span class='ocrx_word' id='word_1_300' title='bbox 1897 3095 1967 3135; x_wconf 88' lang='lat' dir='ltr'>tu-</span> <span class='ocrx_word' id='word_1_301' title='bbox 2011 3124 2015 3128; x_wconf 86' lang='lat'><em>-</em></span> 
     </span>
     <span class='ocr_line' id='line_1_35' title="bbox 136 3168 625 3232; baseline 0.006 -17"><span class='ocrx_word' id='word_1_302' title='bbox 136 3168 324 3216; x_wconf 88' lang='lat' dir='ltr'>toribus</span> <span class='ocrx_word' id='word_1_303' title='bbox 351 3185 625 3232; x_wconf 86' lang='lat' dir='ltr'>sponsores.</span> 
     </span>
    </p>

    <p class='ocr_par' dir='ltr' id='par_1_7' title="bbox 139 3250 1967 3402">
     <span class='ocr_line' id='line_1_36' title="bbox 278 3250 1965 3318; baseline 0.002 -20"><span class='ocrx_word' id='word_1_304' title='bbox 278 3250 420 3298; x_wconf 87' lang='lat' dir='ltr'>Plato</span> <span class='ocrx_word' id='word_1_305' title='bbox 446 3250 593 3313; x_wconf 88' lang='lat' dir='ltr'>igitur</span> <span class='ocrx_word' id='word_1_306' title='bbox 620 3260 825 3302; x_wconf 87' lang='lat' dir='ltr'>matrem</span> <span class='ocrx_word' id='word_1_307' title='bbox 850 3262 1194 3318; x_wconf 81' lang='lat' dir='ltr'>maternosque</span> <span class='ocrx_word' id='word_1_308' title='bbox 1221 3262 1453 3317; x_wconf 84' lang='lat' dir='ltr'>cognatos</span> <span class='ocrx_word' id='word_1_309' title='bbox 1482 3254 1566 3308; x_wconf 87' lang='lat' dir='ltr'>iis,</span> <span class='ocrx_word' id='word_1_310' title='bbox 1607 3254 1688 3317; x_wconf 92' lang='lat' dir='ltr'>qui</span> <span class='ocrx_word' id='word_1_311' title='bbox 1717 3253 1866 3301; x_wconf 88' lang='lat' dir='ltr'>filiam</span> <span class='ocrx_word' id='word_1_312' title='bbox 1885 3253 1965 3318; x_wconf 64' lang='lat' dir='ltr'>⁸iu-</span> 
     </span>
     <span class='ocr_line' id='line_1_37' title="bbox 139 3333 1967 3402; baseline 0.003 -24"><span class='ocrx_word' id='word_1_313' title='bbox 139 3348 189 3378; x_wconf 87' lang='lat' dir='ltr'>re</span> <span class='ocrx_word' id='word_1_314' title='bbox 218 3333 494 3394; x_wconf 85' lang='lat' dir='ltr'>elocabant,</span> <span class='ocrx_word' id='word_1_315' title='bbox 531 3334 872 3397; x_wconf 76' lang='lat' dir='ltr'>adjungendo,</span> <span class='ocrx_word' id='word_1_316' title='bbox 913 3338 1134 3386; x_wconf 86' lang='lat' dir='ltr'>feminini</span> <span class='ocrx_word' id='word_1_317' title='bbox 1161 3339 1356 3401; x_wconf 85' lang='lat' dir='ltr'>generis</span> <span class='ocrx_word' id='word_1_318' title='bbox 1384 3337 1729 3402; x_wconf 87' lang='lat' dir='ltr'>aequalitatem</span> <span class='ocrx_word' id='word_1_319' title='bbox 1756 3337 1967 3402; x_wconf 88' lang='lat' dir='ltr'>quodam</span> 
     </span>
    </p>
   </div>
  </div>
 </body>
</html>
