<?xml version="1.0" encoding="UTF-8"?>
<!DOCTYPE html PUBLIC "-//W3C//DTD XHTML 1.0 Transitional//EN"
    "http://www.w3.org/TR/xhtml1/DTD/xhtml1-transitional.dtd">
<html xmlns="http://www.w3.org/1999/xhtml" xml:lang="en" lang="en">
 <head>
  <title>
</title>
<meta http-equiv="Content-Type" content="text/html;charset=utf-8" />
  <meta name='ocr-system' content='tesseract 3.04.00' />
  <meta name='ocr-capabilities' content='ocr_page ocr_carea ocr_par ocr_line ocrx_word'/>
</head>
<body>
  <div class='ocr_page' id='page_1' title='image "./synaggtnattiknno00tluoft_0586.png"; bbox 0 0 2114 3642; ppageno 0'>
   <div class='ocr_carea' id='block_1_1' title="bbox 199 231 1577 278">
    <p class='ocr_par' dir='ltr' id='par_1_1' title="bbox 199 231 1577 278">
     <span class='ocr_line' id='line_1_1' title="bbox 199 231 1577 278; baseline -0.004 0"><span class='ocrx_word' id='word_1_1' title='bbox 199 231 298 278; x_wconf 87' lang='lat'>560</span> <span class='ocrx_word' id='word_1_2' title='bbox 669 239 1076 277; x_wconf 72' lang='lat' dir='ltr'>coMMENTAmUS</span> <span class='ocrx_word' id='word_1_3' title='bbox 1104 239 1173 270; x_wconf 75' lang='lat' dir='ltr'>Ao</span> <span class='ocrx_word' id='word_1_4' title='bbox 1203 237 1306 273; x_wconf 86' lang='lat'><strong>1119.</strong></span> <span class='ocrx_word' id='word_1_5' title='bbox 1339 237 1444 274; x_wconf 82' lang='lat'><strong>1122.</strong></span> <span class='ocrx_word' id='word_1_6' title='bbox 1475 236 1577 273; x_wconf 85' lang='lat'><strong>1123.</strong></span> 
     </span>
    </p>
   </div>
   <div class='ocr_carea' id='block_1_2' title="bbox 195 365 2043 932">
    <p class='ocr_par' dir='ltr' id='par_1_2' title="bbox 195 365 2040 766">
     <span class='ocr_line' id='line_1_2' title="bbox 195 365 2040 433; baseline -0.004 -12"><span class='ocrx_word' id='word_1_7' title='bbox 195 374 312 423; x_wconf 86' lang='lat' dir='ltr'>civis</span> <span class='ocrx_word' id='word_1_8' title='bbox 340 390 444 423; x_wconf 88' lang='lat' dir='ltr'>esse</span> <span class='ocrx_word' id='word_1_9' title='bbox 474 373 748 428; x_wconf 86' lang='lat' dir='ltr'>videretur,</span> <span class='ocrx_word' id='word_1_10' title='bbox 791 385 899 416; x_wconf 89' lang='lat' dir='ltr'>eum</span> <span class='ocrx_word' id='word_1_11' title='bbox 938 365 1204 432; x_wconf 78' lang='lat' dir='ltr'>populares</span> <span class='ocrx_word' id='word_1_12' title='bbox 1241 367 1353 416; x_wconf 88' lang='lat' dir='ltr'>latis</span> <span class='ocrx_word' id='word_1_13' title='bbox 1392 367 1642 433; x_wconf 84' lang='lat' dir='ltr'>suffragiis</span> <span class='ocrx_word' id='word_1_14' title='bbox 1671 385 1696 414; x_wconf 88' lang='lat' dir='ltr'>e</span> <span class='ocrx_word' id='word_1_15' title='bbox 1723 366 1900 415; x_wconf 84' lang='lat' dir='ltr'>civium</span> <span class='ocrx_word' id='word_1_16' title='bbox 1926 365 2040 414; x_wconf 88' lang='lat' dir='ltr'>albo</span> 
     </span>
     <span class='ocr_line' id='line_1_3' title="bbox 196 446 2040 523; baseline -0.006 -17"><span class='ocrx_word' id='word_1_17' title='bbox 196 457 583 523; x_wconf 87' lang='lat' dir='ltr'>expungendum</span> <span class='ocrx_word' id='word_1_18' title='bbox 624 451 920 511; x_wconf 78' lang='lat' dir='ltr'>censebant,</span> <span class='ocrx_word' id='word_1_19' title='bbox 975 450 1111 514; x_wconf 87' lang='lat' dir='ltr'>isque</span> <span class='ocrx_word' id='word_1_20' title='bbox 1160 449 1415 500; x_wconf 80' lang='lat' dir='ltr'>dicebatur</span> <span class='ocrx_word' id='word_1_21' title='bbox 1467 446 1877 514; x_wconf 77' lang='grc' dir='ltr'><em>ἀπεψηφισμένος</em></span> <span class='ocrx_word' id='word_1_22' title='bbox 1930 453 2040 511; x_wconf 79' lang='lat' dir='ltr'>(ex-</span> 
     </span>
     <span class='ocr_line' id='line_1_4' title="bbox 195 533 2036 606; baseline -0.004 -16"><span class='ocrx_word' id='word_1_23' title='bbox 195 547 428 606; x_wconf 81' lang='lat' dir='ltr'>punctus,</span> <span class='ocrx_word' id='word_1_24' title='bbox 459 538 682 603; x_wconf 84' lang='lat' dir='ltr'>ejectus).</span> <span class='ocrx_word' id='word_1_25' title='bbox 735 535 856 583; x_wconf 86' lang='lat' dir='ltr'>Post</span> <span class='ocrx_word' id='word_1_26' title='bbox 880 535 931 582; x_wconf 91' lang='lat' dir='ltr'>in</span> <span class='ocrx_word' id='word_1_27' title='bbox 957 533 1204 598; x_wconf 88' lang='lat' dir='ltr'>judicium</span> <span class='ocrx_word' id='word_1_28' title='bbox 1229 534 1532 584; x_wconf 90' lang='lat' dir='ltr'>introductus</span> <span class='ocrx_word' id='word_1_29' title='bbox 1561 534 1927 601; x_wconf 75' lang='lat' dir='ltr'>peregrinitatis</span> <span class='ocrx_word' id='word_1_30' title='bbox 1957 551 2036 582; x_wconf 87' lang='lat' dir='ltr'>ac-</span> 
     </span>
     <span class='ocr_line' id='line_1_5' title="bbox 196 616 2039 683; baseline -0.004 -11"><span class='ocrx_word' id='word_1_31' title='bbox 196 623 480 681; x_wconf 85' lang='lat' dir='ltr'>cusabatur,</span> <span class='ocrx_word' id='word_1_32' title='bbox 522 619 634 667; x_wconf 88' lang='lat' dir='ltr'>etsi</span> <span class='ocrx_word' id='word_1_33' title='bbox 662 618 918 666; x_wconf 88' lang='lat' dir='ltr'>convictus</span> <span class='ocrx_word' id='word_1_34' title='bbox 946 617 1143 679; x_wconf 87' lang='lat' dir='ltr'>fuisset,</span> <span class='ocrx_word' id='word_1_35' title='bbox 1187 625 1240 666; x_wconf 86' lang='lat' dir='ltr'>ut</span> <span class='ocrx_word' id='word_1_36' title='bbox 1278 619 1568 683; x_wconf 87' lang='lat' dir='ltr'>peregrinus</span> <span class='ocrx_word' id='word_1_37' title='bbox 1608 618 1924 680; x_wconf 81' lang='lat' dir='ltr'>venumibat3</span> <span class='ocrx_word' id='word_1_38' title='bbox 1965 616 2039 665; x_wconf 91' lang='lat' dir='ltr'>sin</span> 
     </span>
     <span class='ocr_line' id='line_1_6' title="bbox 198 700 1152 766; baseline -0.004 -13"><span class='ocrx_word' id='word_1_39' title='bbox 198 707 417 765; x_wconf 76' lang='lat' dir='ltr'>vicisset,</span> <span class='ocrx_word' id='word_1_40' title='bbox 456 704 505 751; x_wconf 88' lang='lat' dir='ltr'>in</span> <span class='ocrx_word' id='word_1_41' title='bbox 534 702 778 750; x_wconf 87' lang='lat' dir='ltr'>civitatem</span> <span class='ocrx_word' id='word_1_42' title='bbox 808 700 1152 766; x_wconf 79' lang='lat' dir='ltr'>recipiebatur.</span> 
     </span>
    </p>

    <p class='ocr_par' dir='ltr' id='par_1_3' title="bbox 195 796 2043 932">
     <span class='ocr_line' id='line_1_7' title="bbox 337 796 2043 862; baseline -0.002 -14"><span class='ocrx_word' id='word_1_43' title='bbox 337 799 412 848; x_wconf 80' lang='lat' dir='ltr'>Cf.</span> <span class='ocrx_word' id='word_1_44' title='bbox 454 797 636 846; x_wconf 86' lang='lat' dir='ltr'>Lexica</span> <span class='ocrx_word' id='word_1_45' title='bbox 677 796 880 861; x_wconf 83' lang='lat' dir='ltr'>Seguer.</span> <span class='ocrx_word' id='word_1_46' title='bbox 921 815 968 862; x_wconf 90' lang='lat' dir='ltr'>p.</span> <span class='ocrx_word' id='word_1_47' title='bbox 1000 797 1099 844; x_wconf 80' lang='lat'>186</span> <span class='ocrx_word' id='word_1_48' title='bbox 1138 804 1186 845; x_wconf 91' lang='lat' dir='ltr'>et</span> <span class='ocrx_word' id='word_1_49' title='bbox 1222 797 1352 861; x_wconf 74' lang='lat'><strong>2363</strong></span> <span class='ocrx_word' id='word_1_50' title='bbox 1392 798 1646 848; x_wconf 83' lang='lat' dir='ltr'>Pollucem</span> <span class='ocrx_word' id='word_1_51' title='bbox 1688 798 1824 860; x_wconf 92' lang='lat' dir='ltr'>VIII,</span> <span class='ocrx_word' id='word_1_52' title='bbox 1857 799 1951 859; x_wconf 63' lang='lat'>64„</span> <span class='ocrx_word' id='word_1_53' title='bbox 1996 804 2043 845; x_wconf 89' lang='lat' dir='ltr'>et</span> 
     </span>
     <span class='ocr_line' id='line_1_8' title="bbox 195 880 1162 932; baseline -0.005 0"><span class='ocrx_word' id='word_1_54' title='bbox 195 884 355 932; x_wconf 76' lang='lat' dir='ltr'>Schol.</span> <span class='ocrx_word' id='word_1_55' title='bbox 384 883 435 930; x_wconf 90' lang='lat' dir='ltr'>in</span> <span class='ocrx_word' id='word_1_56' title='bbox 462 881 716 930; x_wconf 89' lang='lat' dir='ltr'>Demosth.</span> <span class='ocrx_word' id='word_1_57' title='bbox 747 881 1013 930; x_wconf 84' lang='lat' dir='ltr'>Timocrat.</span> <span class='ocrx_word' id='word_1_58' title='bbox 1044 880 1162 928; x_wconf 81' lang='lat'>741.</span> 
     </span>
    </p>
   </div>
   <div class='ocr_carea' id='block_1_3' title="bbox 194 974 2047 1475">
    <p class='ocr_par' dir='ltr' id='par_1_4' title="bbox 194 974 2041 1129">
     <span class='ocr_line' id='line_1_9' title="bbox 337 974 2041 1042; baseline -0.001 -15"><span class='ocrx_word' id='word_1_59' title='bbox 337 978 526 1042; x_wconf 80' lang='lat' dir='ltr'>Legem</span> <span class='ocrx_word' id='word_1_60' title='bbox 553 978 681 1025; x_wconf 88' lang='lat' dir='ltr'>hanc</span> <span class='ocrx_word' id='word_1_61' title='bbox 707 976 973 1025; x_wconf 84' lang='lat' dir='ltr'>scholiasta</span> <span class='ocrx_word' id='word_1_62' title='bbox 999 977 1048 1024; x_wconf 92' lang='lat' dir='ltr'>in</span> <span class='ocrx_word' id='word_1_63' title='bbox 1075 974 1308 1025; x_wconf 88' lang='lat' dir='ltr'>Aeschin.</span> <span class='ocrx_word' id='word_1_64' title='bbox 1337 975 1584 1026; x_wconf 88' lang='lat' dir='ltr'>Timarch.</span> <span class='ocrx_word' id='word_1_65' title='bbox 1603 977 1667 1024; x_wconf 79' lang='lat'>77</span> <span class='ocrx_word' id='word_1_66' title='bbox 1697 976 1929 1027; x_wconf 85' lang='lat' dir='ltr'>adscribit</span> <span class='ocrx_word' id='word_1_67' title='bbox 1945 977 2041 1025; x_wconf 91' lang='lat' dir='ltr'>De-</span> 
     </span>
     <span class='ocr_line' id='line_1_10' title="bbox 194 1059 1837 1129; baseline -0.001 -19"><span class='ocrx_word' id='word_1_68' title='bbox 194 1062 441 1129; x_wconf 86' lang='lat' dir='ltr'>mophilo,</span> <span class='ocrx_word' id='word_1_69' title='bbox 469 1061 797 1127; x_wconf 84' lang='lat' dir='ltr'>probabiliter</span> <span class='ocrx_word' id='word_1_70' title='bbox 823 1059 1036 1126; x_wconf 83' lang='lat' dir='ltr'>Ephori,</span> <span class='ocrx_word' id='word_1_71' title='bbox 1073 1060 1387 1109; x_wconf 83' lang='lat' dir='ltr'>historiarum</span> <span class='ocrx_word' id='word_1_72' title='bbox 1414 1061 1695 1126; x_wconf 87' lang='lat' dir='ltr'>scriptoris,</span> <span class='ocrx_word' id='word_1_73' title='bbox 1726 1061 1837 1110; x_wconf 92' lang='lat' dir='ltr'>filio.</span> 
     </span>
    </p>

    <p class='ocr_par' dir='ltr' id='par_1_5' title="bbox 195 1149 2047 1475">
     <span class='ocr_line' id='line_1_11' title="bbox 336 1149 2042 1221; baseline -0.002 -15"><span class='ocrx_word' id='word_1_74' title='bbox 336 1156 499 1206; x_wconf 81' lang='lat' dir='ltr'>Schol.</span> <span class='ocrx_word' id='word_1_75' title='bbox 538 1158 589 1205; x_wconf 87' lang='lat' dir='ltr'>in</span> <span class='ocrx_word' id='word_1_76' title='bbox 628 1155 945 1221; x_wconf 88' lang='lat' dir='ltr'>Aristophan.</span> <span class='ocrx_word' id='word_1_77' title='bbox 985 1154 1118 1205; x_wconf 85' lang='lat' dir='ltr'>Aves</span> <span class='ocrx_word' id='word_1_78' title='bbox 1154 1156 1282 1203; x_wconf 81' lang='lat'>765:</span> <span class='ocrx_word' id='word_1_79' title='bbox 1324 1155 1371 1202; x_wconf 83' lang='grc' dir='ltr'>οἱ</span> <span class='ocrx_word' id='word_1_80' title='bbox 1411 1151 1759 1219; x_wconf 78' lang='grc' dir='ltr'><em>εὐθυνόμενοι</em></span> <span class='ocrx_word' id='word_1_81' title='bbox 1799 1149 1867 1210; x_wconf 75' lang='grc' dir='ltr'>ὦς</span> <span class='ocrx_word' id='word_1_82' title='bbox 1907 1157 2042 1213; x_wconf 74' lang='grc' dir='ltr'><em>ξένοι</em></span> 
     </span>
     <span class='ocr_line' id='line_1_12' title="bbox 195 1233 2045 1303; baseline -0.001 -16"><span class='ocrx_word' id='word_1_83' title='bbox 195 1237 461 1302; x_wconf 68' lang='grc' dir='ltr'><em>ὀφείλουσι</em></span> <span class='ocrx_word' id='word_1_84' title='bbox 488 1235 609 1293; x_wconf 74' lang='grc' dir='ltr'>τούς</span> <span class='ocrx_word' id='word_1_85' title='bbox 639 1236 802 1293; x_wconf 78' lang='grc' dir='ltr'><em>ἰδίους</em></span> <span class='ocrx_word' id='word_1_86' title='bbox 830 1235 1068 1293; x_wconf 72' lang='grc' dir='ltr'><em>πάππους</em></span> <span class='ocrx_word' id='word_1_87' title='bbox 1103 1233 1477 1287; x_wconf 73' lang='grc' dir='ltr'>ἀποδεικνύναι</span> <span class='ocrx_word' id='word_1_88' title='bbox 1505 1243 1566 1287; x_wconf 72' lang='grc' dir='ltr'>ἐκ</span> <span class='ocrx_word' id='word_1_89' title='bbox 1592 1240 1809 1303; x_wconf 69' lang='grc' dir='ltr'><em>φατρίας</em></span> <span class='ocrx_word' id='word_1_90' title='bbox 1837 1233 2045 1287; x_wconf 74' lang='grc' dir='ltr'><em>ἄνωθεν</em></span> 
     </span>
     <span class='ocr_line' id='line_1_13' title="bbox 196 1320 2047 1389; baseline 0 -17"><span class='ocrx_word' id='word_1_91' title='bbox 196 1320 362 1379; x_wconf 71' lang='grc' dir='ltr'><strong>ὄντας.</strong></span> <span class='ocrx_word' id='word_1_92' title='bbox 428 1325 550 1386; x_wconf 79' lang='lat' dir='ltr'>(Qui</span> <span class='ocrx_word' id='word_1_93' title='bbox 590 1332 642 1372; x_wconf 89' lang='lat' dir='ltr'>ut</span> <span class='ocrx_word' id='word_1_94' title='bbox 683 1323 934 1389; x_wconf 87' lang='lat' dir='ltr'>peregrini</span> <span class='ocrx_word' id='word_1_95' title='bbox 972 1323 1430 1389; x_wconf 86' lang='lat' dir='ltr'>reprehenduntur,</span> <span class='ocrx_word' id='word_1_96' title='bbox 1487 1325 1821 1374; x_wconf 86' lang='lat' dir='ltr'>demonstrare</span> <span class='ocrx_word' id='word_1_97' title='bbox 1863 1324 2047 1374; x_wconf 88' lang='lat' dir='ltr'>debent</span> 
     </span>
     <span class='ocr_line' id='line_1_14' title="bbox 196 1409 1444 1475; baseline 0 -16"><span class='ocrx_word' id='word_1_98' title='bbox 196 1411 423 1475; x_wconf 84' lang='lat' dir='ltr'>proprios</span> <span class='ocrx_word' id='word_1_99' title='bbox 451 1428 570 1459; x_wconf 84' lang='lat' dir='ltr'>avos</span> <span class='ocrx_word' id='word_1_100' title='bbox 597 1428 626 1458; x_wconf 90' lang='lat' dir='ltr'>a</span> <span class='ocrx_word' id='word_1_101' title='bbox 652 1409 895 1474; x_wconf 88' lang='lat' dir='ltr'>principio</span> <span class='ocrx_word' id='word_1_102' title='bbox 921 1409 971 1457; x_wconf 90' lang='lat' dir='ltr'>in</span> <span class='ocrx_word' id='word_1_103' title='bbox 999 1409 1194 1474; x_wconf 87' lang='lat' dir='ltr'>phatria</span> <span class='ocrx_word' id='word_1_104' title='bbox 1222 1409 1444 1470; x_wconf 82' lang='lat' dir='ltr'>vixisse.)</span> 
     </span>
    </p>
   </div>
   <div class='ocr_carea' id='block_1_4' title="bbox 199 1655 2045 1981">
    <p class='ocr_par' dir='ltr' id='par_1_6' title="bbox 199 1655 2045 1981">
     <span class='ocr_line' id='line_1_15' title="bbox 341 1655 2042 1725; baseline -0.004 -12"><span class='ocrx_word' id='word_1_105' title='bbox 341 1662 543 1713; x_wconf 82' lang='lat' dir='ltr'>Suidas:</span> <span class='ocrx_word' id='word_1_106' title='bbox 583 1655 613 1709; x_wconf 75' lang='grc' dir='ltr'><em>ὖ</em></span> <span class='ocrx_word' id='word_1_107' title='bbox 632 1680 665 1707; x_wconf 79' lang='grc' dir='ltr'><em>π</em></span> <span class='ocrx_word' id='word_1_108' title='bbox 682 1680 707 1707; x_wconf 92' lang='grc' dir='ltr'><em>ο</em></span> <span class='ocrx_word' id='word_1_109' title='bbox 722 1661 760 1723; x_wconf 70' lang='grc' dir='ltr'>β</span> <span class='ocrx_word' id='word_1_110' title='bbox 774 1679 800 1707; x_wconf 93' lang='grc' dir='ltr'><em>ο</em></span> <span class='ocrx_word' id='word_1_111' title='bbox 817 1662 842 1706; x_wconf 78' lang='grc' dir='ltr'><em>λ</em></span> <span class='ocrx_word' id='word_1_112' title='bbox 861 1679 925 1722; x_wconf 81' lang='grc' dir='ltr'>ιμ</span> <span class='ocrx_word' id='word_1_113' title='bbox 943 1678 972 1706; x_wconf 83' lang='grc' dir='ltr'><em>α</em></span> <span class='ocrx_word' id='word_1_114' title='bbox 989 1666 1048 1707; x_wconf 87' lang='grc' dir='ltr'>ῐο</span> <span class='ocrx_word' id='word_1_115' title='bbox 1066 1680 1080 1706; x_wconf 85' lang='grc' dir='ltr'><em>ι</em></span> <span class='ocrx_word' id='word_1_116' title='bbox 1102 1678 1108 1686; x_wconf 94' lang='grc'><em>·</em></span> <span class='ocrx_word' id='word_1_117' title='bbox 1150 1655 1566 1725; x_wconf 59' lang='grc' dir='ltr'><em>ὑποβαλλᾴιιενοι</em></span> <span class='ocrx_word' id='word_1_118' title='bbox 1607 1663 1695 1708; x_wconf 77' lang='grc' dir='ltr'>καὶ</span> <span class='ocrx_word' id='word_1_119' title='bbox 1739 1661 2014 1717; x_wconf 63' lang='grc' dir='ltr'><em>δι’σποιήτοι</em></span> <span class='ocrx_word' id='word_1_120' title='bbox 2038 1677 2042 1684; x_wconf 93' lang='grc'><em>·</em></span> 
     </span>
     <span class='ocr_line' id='line_1_16' title="bbox 199 1740 2044 1810; baseline -0.002 -16"><span class='ocrx_word' id='word_1_121' title='bbox 199 1750 277 1794; x_wconf 67' lang='grc' dir='ltr'>ἐπὶ</span> <span class='ocrx_word' id='word_1_122' title='bbox 304 1745 407 1793; x_wconf 74' lang='grc' dir='ltr'>τῶν</span> <span class='ocrx_word' id='word_1_123' title='bbox 432 1743 767 1810; x_wconf 69' lang='grc' dir='ltr'><em>χαμαιριᾳῶν</em></span> <span class='ocrx_word' id='word_1_124' title='bbox 795 1744 1042 1800; x_wconf 73' lang='grc' dir='ltr'><em>παιδίων,</em></span> <span class='ocrx_word' id='word_1_125' title='bbox 1072 1740 1196 1808; x_wconf 74' lang='grc' dir='ltr'>ἅπερ</span> <span class='ocrx_word' id='word_1_126' title='bbox 1225 1749 1426 1800; x_wconf 68' lang='grc' dir='ltr'><em>ἑαυταῖς</em></span> <span class='ocrx_word' id='word_1_127' title='bbox 1456 1740 1843 1809; x_wconf 72' lang='grc' dir='ltr'>ὑποβάλλουσιν</span> <span class='ocrx_word' id='word_1_128' title='bbox 1871 1744 1921 1790; x_wconf 80' lang='grc' dir='ltr'>αἱ</span> <span class='ocrx_word' id='word_1_129' title='bbox 1951 1762 2044 1810; x_wconf 76' lang='grc' dir='ltr'>γυ-</span> 
     </span>
     <span class='ocr_line' id='line_1_17' title="bbox 203 1829 2045 1897; baseline -0.001 -19"><span class='ocrx_word' id='word_1_130' title='bbox 203 1837 385 1885; x_wconf 77' lang='grc' dir='ltr'><strong>ναῖκες.</strong></span> <span class='ocrx_word' id='word_1_131' title='bbox 427 1831 717 1893; x_wconf 81' lang='lat' dir='ltr'>(Subditicii</span> <span class='ocrx_word' id='word_1_132' title='bbox 747 1838 794 1880; x_wconf 89' lang='lat' dir='ltr'>et</span> <span class='ocrx_word' id='word_1_133' title='bbox 820 1831 1036 1879; x_wconf 87' lang='lat' dir='ltr'>asciticii.</span> <span class='ocrx_word' id='word_1_134' title='bbox 1077 1833 1151 1880; x_wconf 90' lang='lat' dir='ltr'>De</span> <span class='ocrx_word' id='word_1_135' title='bbox 1180 1832 1346 1897; x_wconf 85' lang='lat' dir='ltr'>pueris</span> <span class='ocrx_word' id='word_1_136' title='bbox 1374 1832 1635 1897; x_wconf 84' lang='lat' dir='ltr'>expositis,</span> <span class='ocrx_word' id='word_1_137' title='bbox 1666 1849 1787 1895; x_wconf 88' lang='lat' dir='ltr'>quos</span> <span class='ocrx_word' id='word_1_138' title='bbox 1817 1829 2045 1878; x_wconf 88' lang='lat' dir='ltr'>mulieres</span> 
     </span>
     <span class='ocr_line' id='line_1_18' title="bbox 201 1916 650 1981; baseline 0 -19"><span class='ocrx_word' id='word_1_139' title='bbox 201 1917 291 1965; x_wconf 87' lang='lat' dir='ltr'>sibi</span> <span class='ocrx_word' id='word_1_140' title='bbox 319 1916 650 1981; x_wconf 86' lang='lat' dir='ltr'>supponunt.)</span> 
     </span>
    </p>
   </div>
   <div class='ocr_carea' id='block_1_5' title="bbox 972 1994 1278 2049">
    <p class='ocr_par' dir='ltr' id='par_1_7' title="bbox 972 1994 1278 2049">
     <span class='ocr_line' id='line_1_19' title="bbox 972 1994 1278 2049; baseline 0.007 -2"><span class='ocrx_word' id='word_1_141' title='bbox 972 1994 1071 2048; x_wconf 82' lang='lat' dir='ltr'>Ad</span> <span class='ocrx_word' id='word_1_142' title='bbox 1102 1996 1278 2049; x_wconf 83' lang='lat'>1122.</span> 
     </span>
    </p>
   </div>
   <div class='ocr_carea' id='block_1_6' title="bbox 202 2103 2050 2673">
    <p class='ocr_par' dir='ltr' id='par_1_8' title="bbox 202 2103 2050 2673">
     <span class='ocr_line' id='line_1_20' title="bbox 343 2103 2045 2173; baseline -0.001 -18"><span class='ocrx_word' id='word_1_143' title='bbox 343 2106 576 2173; x_wconf 83' lang='lat' dir='ltr'>Lysias</span> <span class='ocrx_word' id='word_1_144' title='bbox 605 2123 644 2154; x_wconf 89' lang='lat' dir='ltr'>c.</span> <span class='ocrx_word' id='word_1_145' title='bbox 672 2105 889 2155; x_wconf 81' lang='lat' dir='ltr'>Simon</span> <span class='ocrx_word' id='word_1_146' title='bbox 906 2123 929 2154; x_wconf 90' lang='lat' dir='ltr'>e</span> <span class='ocrx_word' id='word_1_147' title='bbox 947 2124 995 2154; x_wconf 92' lang='lat' dir='ltr'>m</span> <span class='ocrx_word' id='word_1_148' title='bbox 1022 2103 1064 2170; x_wconf 65' lang='grc' dir='ltr'><strong>ξ.</strong></span> <span class='ocrx_word' id='word_1_149' title='bbox 1096 2107 1189 2155; x_wconf 77' lang='grc' dir='ltr'>42ε</span> <span class='ocrx_word' id='word_1_150' title='bbox 1224 2106 1546 2155; x_wconf 85' lang='lat' dir='ltr'>Manifestum</span> <span class='ocrx_word' id='word_1_151' title='bbox 1573 2116 1646 2156; x_wconf 86' lang='lat' dir='ltr'>est</span> <span class='ocrx_word' id='word_1_152' title='bbox 1673 2115 1953 2156; x_wconf 88' lang='lat' dir='ltr'>nostrarum</span> <span class='ocrx_word' id='word_1_153' title='bbox 1979 2106 2045 2155; x_wconf 90' lang='lat' dir='ltr'>le-</span> 
     </span>
     <span class='ocr_line' id='line_1_21' title="bbox 202 2189 2046 2256; baseline -0.001 -16"><span class='ocrx_word' id='word_1_154' title='bbox 202 2209 318 2253; x_wconf 82' lang='lat' dir='ltr'>gum</span> <span class='ocrx_word' id='word_1_155' title='bbox 344 2191 522 2255; x_wconf 86' lang='lat' dir='ltr'>latores</span> <span class='ocrx_word' id='word_1_156' title='bbox 550 2208 677 2249; x_wconf 89' lang='lat' dir='ltr'>non,</span> <span class='ocrx_word' id='word_1_157' title='bbox 718 2190 757 2237; x_wconf 89' lang='lat' dir='ltr'>si</span> <span class='ocrx_word' id='word_1_158' title='bbox 797 2189 876 2254; x_wconf 92' lang='lat' dir='ltr'>qui</span> <span class='ocrx_word' id='word_1_159' title='bbox 919 2189 1093 2238; x_wconf 89' lang='lat' dir='ltr'>oborta</span> <span class='ocrx_word' id='word_1_160' title='bbox 1125 2190 1230 2238; x_wconf 80' lang='lat' dir='ltr'>rixa</span> <span class='ocrx_word' id='word_1_161' title='bbox 1269 2207 1356 2238; x_wconf 88' lang='lat' dir='ltr'>sua</span> <span class='ocrx_word' id='word_1_162' title='bbox 1393 2191 1606 2239; x_wconf 82' lang='lat' dir='ltr'>invicem</span> <span class='ocrx_word' id='word_1_163' title='bbox 1646 2192 1808 2256; x_wconf 90' lang='lat' dir='ltr'>capita</span> <span class='ocrx_word' id='word_1_164' title='bbox 1846 2191 2046 2239; x_wconf 88' lang='lat' dir='ltr'>commi-</span> 
     </span>
     <span class='ocr_line' id='line_1_22' title="bbox 204 2273 2048 2338; baseline -0.001 -15"><span class='ocrx_word' id='word_1_165' title='bbox 204 2275 424 2335; x_wconf 87' lang='lat' dir='ltr'>nuerint,</span> <span class='ocrx_word' id='word_1_166' title='bbox 464 2274 522 2321; x_wconf 87' lang='lat' dir='ltr'>iis</span> <span class='ocrx_word' id='word_1_167' title='bbox 551 2274 749 2323; x_wconf 84' lang='lat' dir='ltr'>exilium</span> <span class='ocrx_word' id='word_1_168' title='bbox 792 2274 1044 2334; x_wconf 87' lang='lat' dir='ltr'>statuisse,</span> <span class='ocrx_word' id='word_1_169' title='bbox 1087 2290 1263 2321; x_wconf 83' lang='lat' dir='ltr'>verum</span> <span class='ocrx_word' id='word_1_170' title='bbox 1291 2274 1372 2338; x_wconf 88' lang='lat' dir='ltr'>qui</span> <span class='ocrx_word' id='word_1_171' title='bbox 1400 2273 1603 2322; x_wconf 88' lang='lat' dir='ltr'>caedem</span> <span class='ocrx_word' id='word_1_172' title='bbox 1630 2275 1874 2338; x_wconf 88' lang='lat' dir='ltr'>aliquibus</span> <span class='ocrx_word' id='word_1_173' title='bbox 1902 2274 2048 2323; x_wconf 87' lang='lat' dir='ltr'>desti-</span> 
     </span>
     <span class='ocr_line' id='line_1_23' title="bbox 203 2356 2046 2422; baseline -0.001 -17"><span class='ocrx_word' id='word_1_174' title='bbox 203 2366 404 2418; x_wconf 84' lang='lat' dir='ltr'>nantes,</span> <span class='ocrx_word' id='word_1_175' title='bbox 434 2357 657 2421; x_wconf 85' lang='lat' dir='ltr'>quamvis</span> <span class='ocrx_word' id='word_1_176' title='bbox 684 2356 885 2406; x_wconf 88' lang='lat' dir='ltr'>caedem</span> <span class='ocrx_word' id='word_1_177' title='bbox 914 2358 1151 2422; x_wconf 88' lang='lat' dir='ltr'>perficere</span> <span class='ocrx_word' id='word_1_178' title='bbox 1179 2374 1281 2405; x_wconf 90' lang='lat' dir='ltr'>non</span> <span class='ocrx_word' id='word_1_179' title='bbox 1308 2357 1584 2422; x_wconf 88' lang='lat' dir='ltr'>potuerint,</span> <span class='ocrx_word' id='word_1_180' title='bbox 1621 2357 1678 2405; x_wconf 90' lang='lat' dir='ltr'>iis</span> <span class='ocrx_word' id='word_1_181' title='bbox 1706 2374 1894 2422; x_wconf 81' lang='lat' dir='ltr'>poenas</span> <span class='ocrx_word' id='word_1_182' title='bbox 1922 2356 2046 2405; x_wconf 88' lang='lat' dir='ltr'>adeo</span> 
     </span>
     <span class='ocr_line' id='line_1_24' title="bbox 206 2440 2050 2507; baseline -0.002 -17"><span class='ocrx_word' id='word_1_183' title='bbox 206 2458 382 2507; x_wconf 79' lang='lat' dir='ltr'>graves</span> <span class='ocrx_word' id='word_1_184' title='bbox 409 2442 654 2504; x_wconf 70' lang='lat' dir='ltr'>tulerunt,</span> <span class='ocrx_word' id='word_1_185' title='bbox 694 2441 784 2489; x_wconf 87' lang='lat' dir='ltr'>rati</span> <span class='ocrx_word' id='word_1_186' title='bbox 825 2447 1051 2505; x_wconf 90' lang='lat' dir='ltr'>oportere</span> <span class='ocrx_word' id='word_1_187' title='bbox 1091 2440 1202 2488; x_wconf 90' lang='lat' dir='ltr'>illos</span> <span class='ocrx_word' id='word_1_188' title='bbox 1245 2457 1412 2489; x_wconf 87' lang='lat' dir='ltr'>eorum</span> <span class='ocrx_word' id='word_1_189' title='bbox 1446 2457 1633 2505; x_wconf 82' lang='lat' dir='ltr'>poenas</span> <span class='ocrx_word' id='word_1_190' title='bbox 1660 2440 1803 2501; x_wconf 88' lang='lat' dir='ltr'>dare,</span> <span class='ocrx_word' id='word_1_191' title='bbox 1847 2440 2050 2505; x_wconf 84' lang='lat' dir='ltr'>quaein</span> 
     </span>
     <span class='ocr_line' id='line_1_25' title="bbox 206 2523 2049 2589; baseline -0.001 -17"><span class='ocrx_word' id='word_1_192' title='bbox 206 2526 368 2573; x_wconf 89' lang='lat' dir='ltr'>animo</span> <span class='ocrx_word' id='word_1_193' title='bbox 409 2524 785 2573; x_wconf 85' lang='lat' dir='ltr'>destinaverunt</span> <span class='ocrx_word' id='word_1_194' title='bbox 830 2523 1142 2589; x_wconf 87' lang='lat' dir='ltr'>peragenda,</span> <span class='ocrx_word' id='word_1_195' title='bbox 1197 2540 1254 2572; x_wconf 90' lang='lat' dir='ltr'>ac</span> <span class='ocrx_word' id='word_1_196' title='bbox 1294 2523 1333 2571; x_wconf 87' lang='lat' dir='ltr'>si</span> <span class='ocrx_word' id='word_1_197' title='bbox 1373 2530 1604 2573; x_wconf 89' lang='lat' dir='ltr'>votorum</span> <span class='ocrx_word' id='word_1_198' title='bbox 1642 2541 1743 2572; x_wconf 90' lang='lat' dir='ltr'>non</span> <span class='ocrx_word' id='word_1_199' title='bbox 1782 2524 1896 2572; x_wconf 87' lang='lat' dir='ltr'>facti</span> <span class='ocrx_word' id='word_1_200' title='bbox 1935 2530 2049 2572; x_wconf 89' lang='lat' dir='ltr'>sunt</span> 
     </span>
     <span class='ocr_line' id='line_1_26' title="bbox 208 2606 1821 2673; baseline 0.002 -20"><span class='ocrx_word' id='word_1_201' title='bbox 208 2615 485 2673; x_wconf 86' lang='lat' dir='ltr'>compotes,</span> <span class='ocrx_word' id='word_1_202' title='bbox 515 2625 572 2656; x_wconf 88' lang='lat' dir='ltr'>ea</span> <span class='ocrx_word' id='word_1_203' title='bbox 600 2606 920 2655; x_wconf 86' lang='lat' dir='ltr'>nihilominus</span> <span class='ocrx_word' id='word_1_204' title='bbox 948 2607 1203 2672; x_wconf 86' lang='lat' dir='ltr'>peregisse</span> <span class='ocrx_word' id='word_1_205' title='bbox 1232 2614 1472 2670; x_wconf 86' lang='lat' dir='ltr'>quantum</span> <span class='ocrx_word' id='word_1_206' title='bbox 1498 2607 1548 2654; x_wconf 91' lang='lat' dir='ltr'>in</span> <span class='ocrx_word' id='word_1_207' title='bbox 1575 2606 1691 2671; x_wconf 90' lang='lat' dir='ltr'>ipsis</span> <span class='ocrx_word' id='word_1_208' title='bbox 1718 2607 1821 2656; x_wconf 89' lang='lat' dir='ltr'>fuit.</span> 
     </span>
    </p>
   </div>
   <div class='ocr_carea' id='block_1_7' title="bbox 982 2759 1283 2814">
    <p class='ocr_par' dir='ltr' id='par_1_9' title="bbox 982 2759 1283 2814">
     <span class='ocr_line' id='line_1_27' title="bbox 982 2759 1283 2814; baseline 0.003 -1"><span class='ocrx_word' id='word_1_209' title='bbox 982 2759 1081 2813; x_wconf 79' lang='lat' dir='ltr'>Ad</span> <span class='ocrx_word' id='word_1_210' title='bbox 1107 2760 1283 2814; x_wconf 81' lang='lat'><strong>1123.</strong></span> 
     </span>
    </p>
   </div>
   <div class='ocr_carea' id='block_1_8' title="bbox 206 2867 2052 3184">
    <p class='ocr_par' dir='ltr' id='par_1_10' title="bbox 206 2867 2052 3184">
     <span class='ocr_line' id='line_1_28' title="bbox 354 2867 2051 2934; baseline 0.002 -17"><span class='ocrx_word' id='word_1_211' title='bbox 354 2870 680 2934; x_wconf 80' lang='lat' dir='ltr'>Harpocratio</span> <span class='ocrx_word' id='word_1_212' title='bbox 709 2888 744 2918; x_wconf 87' lang='lat' dir='ltr'>s.</span> <span class='ocrx_word' id='word_1_213' title='bbox 763 2889 806 2919; x_wconf 90' lang='lat' dir='ltr'>v.</span> <span class='ocrx_word' id='word_1_214' title='bbox 835 2867 1150 2932; x_wconf 64' lang='grc' dir='ltr'><em>βουλεύσεως</em></span> <span class='ocrx_word' id='word_1_215' title='bbox 1177 2871 1293 2919; x_wconf 90' lang='lat' dir='ltr'>dicit</span> <span class='ocrx_word' id='word_1_216' title='bbox 1319 2878 1442 2920; x_wconf 88' lang='lat' dir='ltr'>teste</span> <span class='ocrx_word' id='word_1_217' title='bbox 1471 2872 1612 2921; x_wconf 88' lang='lat' dir='ltr'>Isaeo</span> <span class='ocrx_word' id='word_1_218' title='bbox 1641 2869 1699 2920; x_wconf 88' lang='lat' dir='ltr'>de</span> <span class='ocrx_word' id='word_1_219' title='bbox 1728 2869 1821 2919; x_wconf 88' lang='lat' dir='ltr'>hoc</span> <span class='ocrx_word' id='word_1_220' title='bbox 1849 2869 2051 2920; x_wconf 87' lang='lat' dir='ltr'>crimine</span> 
     </span>
     <span class='ocr_line' id='line_1_29' title="bbox 206 2951 2050 3016; baseline 0.002 -18"><span class='ocrx_word' id='word_1_221' title='bbox 206 2951 478 3016; x_wconf 84' lang='lat' dir='ltr'>judicatum</span> <span class='ocrx_word' id='word_1_222' title='bbox 505 2954 651 3001; x_wconf 87' lang='lat' dir='ltr'>fuisse</span> <span class='ocrx_word' id='word_1_223' title='bbox 687 2955 736 3001; x_wconf 87' lang='lat' dir='ltr'>in</span> <span class='ocrx_word' id='word_1_224' title='bbox 762 2953 1012 3015; x_wconf 85' lang='lat' dir='ltr'>Palladio,</span> <span class='ocrx_word' id='word_1_225' title='bbox 1055 2955 1170 3002; x_wconf 89' lang='lat' dir='ltr'>dum</span> <span class='ocrx_word' id='word_1_226' title='bbox 1197 2955 1473 3004; x_wconf 87' lang='lat' dir='ltr'>Dinarchus</span> <span class='ocrx_word' id='word_1_227' title='bbox 1515 2955 1734 3003; x_wconf 89' lang='lat' dir='ltr'>oratione</span> <span class='ocrx_word' id='word_1_228' title='bbox 1774 2960 1946 3002; x_wconf 89' lang='lat' dir='ltr'>contra</span> <span class='ocrx_word' id='word_1_229' title='bbox 1972 2954 2050 3001; x_wconf 93' lang='lat' dir='ltr'>Pi-</span> 
     </span>
     <span class='ocr_line' id='line_1_30' title="bbox 215 3034 2052 3102; baseline 0.003 -23"><span class='ocrx_word' id='word_1_230' title='bbox 215 3034 358 3081; x_wconf 85' lang='lat' dir='ltr'>stiam</span> <span class='ocrx_word' id='word_1_231' title='bbox 398 3036 647 3084; x_wconf 83' lang='lat' dir='ltr'>contendit</span> <span class='ocrx_word' id='word_1_232' title='bbox 686 3038 737 3085; x_wconf 89' lang='lat' dir='ltr'>in</span> <span class='ocrx_word' id='word_1_233' title='bbox 772 3036 1035 3102; x_wconf 85' lang='lat' dir='ltr'>Areopago</span> <span class='ocrx_word' id='word_1_234' title='bbox 1073 3037 1121 3085; x_wconf 92' lang='lat' dir='ltr'>id</span> <span class='ocrx_word' id='word_1_235' title='bbox 1163 3037 1349 3086; x_wconf 87' lang='lat' dir='ltr'>factum</span> <span class='ocrx_word' id='word_1_236' title='bbox 1389 3055 1508 3086; x_wconf 86' lang='lat' dir='ltr'>esse.</span> <span class='ocrx_word' id='word_1_237' title='bbox 1562 3037 1659 3086; x_wconf 80' lang='lat' dir='ltr'>Sed</span> <span class='ocrx_word' id='word_1_238' title='bbox 1685 3036 1976 3086; x_wconf 83' lang='lat' dir='ltr'>Aristoteles</span> <span class='ocrx_word' id='word_1_239' title='bbox 2003 3037 2052 3085; x_wconf 88' lang='lat' dir='ltr'>in</span> 
     </span>
     <span class='ocr_line' id='line_1_31' title="bbox 216 3115 1333 3184; baseline 0.004 -20"><span class='ocrx_word' id='word_1_240' title='bbox 216 3115 588 3165; x_wconf 73' lang='lat' dir='ltr'>Atheniensium</span> <span class='ocrx_word' id='word_1_241' title='bbox 614 3120 870 3184; x_wconf 86' lang='lat' dir='ltr'>republica</span> <span class='ocrx_word' id='word_1_242' title='bbox 898 3138 1010 3169; x_wconf 87' lang='lat' dir='ltr'>cum</span> <span class='ocrx_word' id='word_1_243' title='bbox 1036 3122 1177 3170; x_wconf 89' lang='lat' dir='ltr'>Isaeo</span> <span class='ocrx_word' id='word_1_244' title='bbox 1204 3120 1333 3169; x_wconf 85' lang='lat' dir='ltr'>facit.</span> 
     </span>
    </p>
   </div>
   <div class='ocr_carea' id='block_1_9' title="bbox 216 3210 2050 3446">
    <p class='ocr_par' dir='ltr' id='par_1_11' title="bbox 216 3210 2050 3446">
     <span class='ocr_line' id='line_1_32' title="bbox 356 3210 2050 3279; baseline 0.002 -20"><span class='ocrx_word' id='word_1_245' title='bbox 356 3212 430 3259; x_wconf 89' lang='lat' dir='ltr'>Dc</span> <span class='ocrx_word' id='word_1_246' title='bbox 457 3210 767 3271; x_wconf 68' lang='grc' dir='ltr'>βουλεύσεως</span> <span class='ocrx_word' id='word_1_247' title='bbox 792 3216 986 3264; x_wconf 90' lang='lat' dir='ltr'>actione</span> <span class='ocrx_word' id='word_1_248' title='bbox 1014 3216 1197 3265; x_wconf 85' lang='lat' dir='ltr'>mentio</span> <span class='ocrx_word' id='word_1_249' title='bbox 1225 3216 1434 3264; x_wconf 86' lang='lat' dir='ltr'>occurrit</span> <span class='ocrx_word' id='word_1_250' title='bbox 1460 3216 1606 3264; x_wconf 87' lang='lat' dir='ltr'>etiam</span> <span class='ocrx_word' id='word_1_251' title='bbox 1643 3211 1725 3279; x_wconf 50' lang='grc' dir='ltr'>ξω</span> <span class='ocrx_word' id='word_1_252' title='bbox 1760 3215 1906 3262; x_wconf 82' lang='lat'><strong>1060.</strong></span> <span class='ocrx_word' id='word_1_253' title='bbox 1946 3214 2050 3263; x_wconf 89' lang='lat' dir='ltr'>Un-</span> 
     </span>
     <span class='ocr_line' id='line_1_33' title="bbox 216 3293 2048 3363; baseline 0.002 -21"><span class='ocrx_word' id='word_1_254' title='bbox 216 3294 274 3342; x_wconf 92' lang='lat' dir='ltr'>de</span> <span class='ocrx_word' id='word_1_255' title='bbox 303 3300 440 3359; x_wconf 84' lang='lat' dir='ltr'>patet</span> <span class='ocrx_word' id='word_1_256' title='bbox 467 3293 585 3341; x_wconf 82' lang='lat' dir='ltr'>duas</span> <span class='ocrx_word' id='word_1_257' title='bbox 614 3295 758 3345; x_wconf 82' lang='lat' dir='ltr'>fuisse</span> <span class='ocrx_word' id='word_1_258' title='bbox 786 3299 930 3363; x_wconf 83' lang='lat' dir='ltr'>hujus</span> <span class='ocrx_word' id='word_1_259' title='bbox 960 3300 1174 3347; x_wconf 82' lang='lat' dir='ltr'>nominis</span> <span class='ocrx_word' id='word_1_260' title='bbox 1211 3299 1452 3359; x_wconf 74' lang='lat' dir='ltr'>actiones3</span> <span class='ocrx_word' id='word_1_261' title='bbox 1484 3316 1626 3346; x_wconf 86' lang='lat' dir='ltr'>unam</span> <span class='ocrx_word' id='word_1_262' title='bbox 1655 3306 1828 3345; x_wconf 86' lang='lat' dir='ltr'>contra</span> <span class='ocrx_word' id='word_1_263' title='bbox 1853 3298 2048 3346; x_wconf 88' lang='lat' dir='ltr'>insidia-</span> 
     </span>
     <span class='ocr_line' id='line_1_34' title="bbox 217 3377 1636 3446; baseline 0.001 -20"><span class='ocrx_word' id='word_1_264' title='bbox 217 3387 369 3426; x_wconf 87' lang='lat' dir='ltr'>torem</span> <span class='ocrx_word' id='word_1_265' title='bbox 400 3377 552 3433; x_wconf 83' lang='lat' dir='ltr'>vitae,</span> <span class='ocrx_word' id='word_1_266' title='bbox 594 3378 795 3427; x_wconf 78' lang='lat' dir='ltr'>alteram</span> <span class='ocrx_word' id='word_1_267' title='bbox 825 3390 994 3431; x_wconf 78' lang='lat' dir='ltr'>contra</span> <span class='ocrx_word' id='word_1_268' title='bbox 1021 3383 1354 3431; x_wconf 80' lang='lat' dir='ltr'>insidiatorem</span> <span class='ocrx_word' id='word_1_269' title='bbox 1384 3382 1636 3446; x_wconf 79' lang='lat' dir='ltr'>pecuniae.</span> 
     </span>
    </p>
   </div>
  </div>
 </body>
</html>
