2161 3673
489 235 852 270 MAGISTRATUS
878 234 1037 267 0ΕοοΝ
1044 233 1209 267 οΜΙΑΕ
1233 232 1497 266 PUBLICAE.
1836 215 1900 262 73

935 360 1049 409 286.

222 448 318 511 Qui
342 446 695 497 condemnatus
721 445 891 505 fuerit,
931 461 1042 494 eum
1068 443 1382 507 magistratus
1409 441 1740 503 inscribunto,
1769 439 1901 506 apud

85 548 202 600 quos
222 531 456 598 judicium
481 530 560 591 fit,
601 527 993 588 exsecutoribus,
1020 525 1150 592 quod
1175 526 1225 574 in
1249 524 1491 575 aerarium
1515 523 1655 574 redit.
1695 523 1900 584 (Inscri-

84 617 235 666 bunto
260 629 496 664 summam
521 627 667 677 quam
693 618 1002 660 exsecutores
1037 626 1066 658 a
1091 608 1415 660 condemnato
1443 624 1533 674 pro
1559 614 1699 674 parte
1731 606 1905 657 aerarii

84 698 268 767 publici
293 697 558 764 repetant).

935 763 1051 812 287.

219 858 278 908 'E
291 881 328 908 κ
343 863 370 909 λ
386 879 413 908 ο
428 877 460 928 γ
474 880 495 908 ε
509 865 531 908 ῖ
543 880 563 916 ς
579 897 591 917 ,
645 859 692 906 οἱ
731 860 1019 926 ἐκλέγοντες
1056 858 1145 905 καὶ
1185 853 1560 921 εἰσπράττοντες
1597 852 1658 903 τὰ
1697 850 1905 916 ὀφειλό-

78 962 210 1009 μενα
234 942 306 1010 τῷ
333 941 571 1008 δημοσίῳ.
938 1013 1040 1061 287
1371 939 1764 1006 (Harpocratio).

226 1099 517 1161 OoactoreS,
558 1099 639 1164 qui
678 1097 917 1161 colligunt
954 1104 1003 1147 et
1040 1096 1269 1161 exigunt,
1320 1111 1446 1160 quae
1485 1094 1681 1161 publico
1718 1094 1913 1144 aerario·

85 1184 340 1234 debentur.

937 1250 1053 1299 288.

218 1344 405 1396 Ὁπότε
430 1345 532 1396 δέοι
550 1345 787 1411 χρήματα
812 1342 931 1401 τούς
969 1345 1175 1399 πολίτας
1212 1345 1489 1408 εἰσφέρειν,
1529 1340 1742 1399 τούτους
1768 1338 1905 1390 κατοὶ

88 1429 307 1495 δύναμιν
331 1431 380 1478 οἱ
405 1433 631 1496 ἐκλογεῖς
657 1426 1009 1497 διαγράφουσι.
1156 1428 1364 1491 (Suidas
1389 1446 1434 1477 v.
1458 1422 1763 1498 Ἐκλο;[εῖς).

934 1537 1050 1586 288.

226 1623 428 1684 Quoties
467 1623 599 1672 cives
636 1621 898 1688 pecuniam
935 1621 997 1671 ad
1036 1637 1153 1671 usus
1190 1619 1414 1687 publicos
1440 1619 1661 1669 conferre
1688 1623 1906 1684 oportet,

88 1723 169 1756 eos
195 1723 283 1772 pro
309 1722 458 1756 censu
483 1705 771 1756 facultatum
796 1712 1049 1755 coactores
1074 1703 1406 1753 conscribunt.

940 1810 1057 1857 289.

231 1908 291 1954 Οἱ
317 1909 543 1972 ἐκλογεῖς
569 1908 657 1952 καὶ
683 1902 803 1959 τούς
842 1902 1031 1967 φόρους
1070 1900 1169 1951 ἀπὸ
1205 1903 1307 1951 τῶν
1332 1897 1577 1961 ὖπηκόων
1602 1899 1907 1964 ἀθροίζουσι

91 1987 297 2039 πόλεων.
1202 1987 1430 2048 (Suidasz
1463 1982 1767 2052 Ἐκλογεῖς).

939 2071 1053 2119 289.

230 2156 493 2206 Coactores
520 2156 667 2205 etiam
692 2154 876 2204 tributa
901 2154 1232 2221 subjectarum
1257 2154 1510 2203 civitatum
1537 2153 1784 2216 colligunt.

224 2354 287 2404 'A
304 2373 372 2403 ντ
388 2375 401 2402 ι
419 2373 449 2422 γ
464 2374 491 2419 ρ
505 2374 536 2402 α
552 2374 590 2416 φ
605 2375 625 2403 ε
640 2353 671 2402 υ“
691 2375 711 2410 ς
728 2393 740 2412 ,
778 2349 806 2403 ὁ
841 2354 1222 2418 καθιστάμενος
1248 2358 1325 2404 ἐπὶ
1352 2354 1454 2403 τῶν
1480 2351 1910 2417 καταβαλλόντων

96 2436 205 2487 τινα
231 2438 293 2501 τῇ
317 2436 456 2487 πόλει
476 2436 711 2504 χρήματα
727 2476 740 2497 ,
779 2435 904 2487 ὥστε
929 2437 1339 2507 ἀντιγράφεσθαι
1366 2435 1509 2485 αὐτά.

1371 2510 1767 2577 (Harpocratio).

229 2665 652 2716 Contrarotulator
689 2668 996 2733 praepositus
1036 2674 1108 2715 est
1145 2667 1265 2727 illis,
1306 2666 1386 2730 qui
1429 2664 1614 2714 civitati
1652 2665 1908 2730 pecuniam

89 2751 314 2812 solvunt,
348 2756 402 2798 ut
426 2767 534 2799 eam
558 2751 889 2800 transscribat.

939 2834 1055 2882 29¹.

223 2923 590 2992 Ἀντιγραφεύς
629 2930 723 2980 ἐςτι
755 2923 1113 2989 χειροτονητὸς
1149 2925 1209 2987 τῇ
1249 2923 1417 2981 πόλει,
1458 2919 1512 2980 ὃς
1537 2928 1665 2972 καθ’
1693 2921 1910 2983 ἑκάστην

91 3010 396 3073 πρυτανείαν
422 3005 775 3074 ἀπολογίζεται
802 3006 889 3065 τοὶς
916 3006 1195 3072 προσόδους
1219 3005 1290 3071 τῷ
1319 3004 1470 3071 δήμῳ.

901 3091 1155 3153 (Aeschin.
1183 3091 1231 3139 in
1259 3090 1543 3157 Ctesiphon.
1572 3089 1614 3158 ξ.
1643 3093 1765 3152 25.).

940 3198 1055 3245 291.

232 3283 319 3330 Est
344 3281 750 3330 contrarotulator
776 3271 813 3331 a*
830 3282 1025 3330 civitate
1063 3280 1308 3344 suffragiis
1346 3280 1589 3343 delectus,
1629 3282 1709 3347 qui
1736 3282 1786 3331 in
1811 3281 1907 3331 sin-

93 3363 219 3427 gulis
245 3364 459 3414 tribuum
482 3363 698 3429 imperiis
725 3365 940 3413 rationes
965 3362 1277 3427 vectigalium
1300 3365 1483 3431 populo
1508 3364 1674 3414 refert.
