2114 3642
793 235 1202 270 AMPHICTYONIA.
1804 222 1904 272 329

924 363 1072 412 1286.

220 457 494 524 Pylagorae
535 463 648 507 sunt
687 464 903 506 oratores
944 476 972 506 a
1010 459 1287 508 civitatibus
1326 459 1386 509 ad
1414 459 1669 509 concilium
1698 459 1899 527 Amphi-

80 549 315 607 ctyonum
341 543 500 604 missi,
544 549 596 589 ut
621 541 688 590 ibi
715 539 869 589 verba
895 540 1127 590 facerent.

921 649 1068 698 1287.

212 739 491 801 Ἐκκλησία
529 740 632 790 τῶν
662 739 1067 805 Ἀμφικτυόνων
1106 740 1438 806 ὀνομάζεται,
1480 742 1606 794 ὅταν
1637 743 1901 810 μὴμόνον

74 823 193 882 τούς
219 823 534 893 πυλαγόρους
560 828 649 872 καὶ
675 822 794 879 τούς
822 825 1184 889 ἱερομνήμονας
1211 832 1612 893 συγκαλέσωσιν,
1655 827 1780 877 ἀλλὰ
1810 834 1899 878 καὶ

75 907 193 965 τούς
219 907 542 965 συνθύοντας
568 912 657 957 καὶ
678 913 971 973 χρωμένους
998 909 1067 974 τῷ
1098 910 1215 974 θεῷ.

813 994 1108 1055 (Aeschines
1136 997 1185 1043 in
1211 995 1517 1062 Ctesiphont.
1547 996 1588 1063 ξ.
1620 999 1758 1058 124.)

918 1102 1066 1151 1287.

215 1196 399 1247 Concio
427 1197 847 1265 Amphictyonum
881 1199 1186 1259 nominatur,
1224 1197 1416 1262 quando
1451 1216 1550 1247 non
1578 1200 1733 1248 solum
1759 1201 1898 1266 pyla-

71 1298 222 1346 gorae
253 1289 300 1330 et
325 1281 752 1331 hieromnemones
781 1289 1139 1341 convocantur,
1179 1281 1265 1329 sed
1292 1282 1324 1329 ii
1351 1282 1522 1343 etiam,
1563 1284 1644 1347 qui
1671 1300 1808 1332 sacra
1836 1285 1895 1332 si-

72 1365 172 1413 mul
199 1365 410 1427 faciunt,
451 1367 630 1430 quique
659 1364 907 1413 oraculum
937 1365 1013 1414 dei
1040 1365 1237 1413 adeunt.

915 1473 1065 1520 1288.

215 1568 274 1616 Οἱ
306 1563 717 1631 Ἀμφικτύονες,
760 1564 892 1630 ἱερᾶς
929 1566 1015 1625 τῆς
1057 1567 1270 1630 θεωρίας
1309 1561 1491 1625 οὔσης,
1534 1564 1652 1622 τούς
1673 1567 1769 1630 μὲν
1796 1587 1897 1628 φυ-

70 1649 160 1717 γῇ,
200 1647 319 1707 τούς
346 1649 396 1699 δὲ
426 1648 637 1715 θανάτῳ
662 1650 764 1699 τῶν
792 1650 990 1718 ἐναγῶν
1018 1650 1262 1715 ζημιοῦσι.

878 1737 1154 1798 (Plutarch.
1182 1744 1368 1801 quaest.
1395 1753 1614 1802 graecae.
1645 1738 1752 1796 59.)

916 1843 1064 1892 1288.

210 1939 600 2007 Amphictyones
614 1947 835 2006 tempore
856 1947 1196 1990 sacrosanctae
1224 1940 1468 1990 missionis
1495 1941 1755 1990 sceleratos
1783 1958 1892 2006 par-

66 2023 154 2072 tim
181 2023 326 2073 exilio
354 2024 528 2090 partim
556 2032 707 2074 morte
735 2024 958 2089 puniunt.

906 2131 1055 2179 1289.

211 2212 272 2261 Οἱ
296 2210 417 2277 πρὸς
442 2208 511 2261 ‘to‘
528 2210 664 2283 ἶοερὸν
689 2210 746 2262 τὸ
769 2216 825 2262 ἐν
839 2215 1055 2275 Δελφοῖς
1081 2205 1456 2276 ἁμαρτάνοντες
1483 2210 1616 2260 κατά
1644 2211 1745 2261 τῶν
1764 2215 1892 2261 Φαι-

68 2293 285 2362 δριάδων
311 2296 503 2361 πετρῶν
530 2294 807 2348 ὠθοῦνται.

721 2370 907 2431 (Schol.
936 2372 985 2420 in
1015 2370 1240 2424 Aeschin.
1270 2369 1574 2436 Ctesiphont.
1606 2371 1749 2433 142.)

910 2481 1058 2530 1289.

207 2561 303 2623 Qui
341 2569 508 2612 contra
546 2579 736 2612 sacrum
775 2563 1069 2631 Delphicum
1108 2565 1427 2630 delinquunt,
1476 2563 1534 2611 de
1574 2577 1693 2626 rupe
1732 2560 1887 2609 Phae-

65 2643 288 2696 driadum
313 2647 711 2712 praecipitantur.
909 2720 1041 2768 1290

210 2796 341 2856 Τούς
372 2795 764 2864 Ἀμφικτύονας
815 2804 1054 2864 πολεμεῖν
1099 2802 1357 2865 Κιρραίοις
1406 2802 1497 2846 καὶ
1545 2796 1886 2865 Κραγαλίδαις

64 2883 237 2944 [οἳείς
261 2881 319 2931 τὸ
347 2880 485 2947 ἱερὸν
521 2880 579 2931 τὸ
620 2887 674 2931 ἐν
700 2886 912 2945 Δελφοῖς
944 2888 1036 2932 καὶ
1074 2881 1135 2932 τοὶ
1176 2881 1479 2946 ἀναθήματα
1518 2878 1760 2945 ἠσέβουν,
1801 2887 1882 2941 ἐξ-

65 2965 353 3031 ημάρτανον
392 2964 440 3013 δὲ
478 2969 566 3014 καὶ
605 2968 673 3021 εἰς
708 2965 827 3023 τούς
860 2964 1279 3031 Ἀμφικτύονας]
1307 2964 1450 3014 πάντ’
1480 2960 1644 3029 ἤματα
1671 2969 1759 3013 καὶ
1788 2965 1884 3012 πά-

66 3067 152 3107 σας
177 3048 392 3108 νύκτας,
433 3053 521 3097 καὶ
561 3046 654 3107 τήν
683 3048 863 3114 χώραν
901 3048 1072 3098 αὐτῶν
1112 3048 1526 3112 ἐκπορθήσαντας
1566 3053 1654 3097 καί
1695 3046 1883 3105 αὐτούς

66 3131 591 3198 ἀνδραποδισαμένους
620 3130 893 3181 ἀναθεῖναι
920 3133 992 3197 τῷ
1011 3131 1297 3181 Ἀπόλλωνι
1325 3131 1394 3196 τῷ
1424 3135 1618 3197 Πυθίῳ
1647 3136 1737 3181 καὶ
1757 3131 1881 3198 Ἀρ·

64 3215 220 3278 τέμιδι
248 3221 337 3265 καὶ
364 3220 525 3276 Λητοῖ
547 3219 636 3263 καί
668 3213 873 3281 Ἀθηνᾷ
890 3218 1127 3279 Προναίᾳ
1155 3219 1233 3263 ἐπὶ
1262 3213 1391 3277 πάσῃ
1418 3213 1610 3284 ἀεργίᾳ,
1639 3220 1728 3264 καὶ
1756 3215 1880 3264 ταύ-

66 3319 153 3357 την
178 3297 270 3358 τὴν
288 3299 468 3364 χώραν
487 3297 602 3364 μήτ’
631 3294 818 3355 αὐτούς
845 3298 1146 3366 ἐργάζεσθαι
1168 3296 1283 3361 μήτ’
1311 3292 1471 3346 ἄλλον
1496 3299 1598 3348 ἐᾶν.

612 3383 907 3444 (Aeschines
933 3385 982 3432 in
1011 3382 1318 3449 Ctesiphont.
1348 3380 1390 3448 ξ
1420 3383 1738 3441 107-108.)
