2114 3642
188 230 289 276 508
741 242 1146 276 COMMENTwas
1187 242 1243 273 xo
1273 240 1352 274 701.
1383 242 1465 274 702.

184 373 455 435 Neaeram,
497 385 548 422 ut
578 374 788 438 jubeant
826 370 989 433 leges,
1034 379 1079 418 et
1120 370 1301 418 liberos
1337 388 1426 434 pro
1455 370 1729 435 peregrinis
1759 369 2025 419 habendos.

186 454 274 504 Sin
300 473 382 505 eos
409 474 507 505 non
535 475 594 505 ex
620 456 738 512 ista,
777 453 861 502 sed
901 470 959 501 ex
986 451 1081 502 alia
1107 453 1311 502 muliere
1341 454 1446 501 cive
1477 471 1581 502 esse
1611 453 1857 510 dicerent,
1902 451 2024 501 desi-

184 546 312 588 stere
340 539 471 588 volui
499 557 528 587 a
552 537 819 587 certamine
846 535 1092 596 Neaerae,
1129 544 1178 585 et
1204 538 1241 585 si
1271 537 1386 602 quid
1415 536 1706 586 calamitatis
1732 535 1782 583 in
1810 543 2022 586 tormen-

183 623 244 671 tis
272 621 570 671 mulierculis
598 620 876 682 accidisset,
919 637 1128 687 pensare
1157 620 1404 670 damnum.

959 760 1058 814 Ad
1104 762 1242 814 701.

321 872 491 938 Lysias
530 879 658 921 cont.
700 871 901 936 Agorat.
941 890 987 938 p.
1018 873 1119 919 462
1161 869 1204 937 ξ.
1234 872 1328 921 27:
1375 868 1652 928 Ἀθηναῖοι
1700 864 1854 926 ἦσαν,
1897 864 2019 915 ὥστε

181 951 283 1001 οὐκ
308 951 563 1002 ἐδεδίεσαν
588 953 986 1018 βασανισθῆναι.
1017 957 1207 1020 (Quum
1235 956 1305 1005 illi
1332 957 1464 1005 cives
1499 962 1665 1004 essent
1682 953 2022 1007 Athenienses,

179 1045 421 1087 tormenta
445 1055 546 1087 non
574 1039 1007 1099 reformidabant.)

960 1180 1060 1234 Ad
1095 1181 1246 1233 702.

321 1288 416 1339 Alii
456 1291 794 1356 praetulerunt
832 1292 1223 1358 explorationem
1262 1292 1567 1352 testimonio,
1610 1291 1690 1340 alii
1730 1297 1892 1339 autem
1931 1289 2022 1338 hoc

177 1372 260 1421 illi.
313 1373 393 1422 Sic
417 1375 674 1424 Demosth.
703 1377 738 1425 I.
769 1375 878 1425 adv.
909 1376 1175 1426 Onetorem
1202 1395 1249 1441 p.
1278 1376 1405 1424 874:

320 1457 423 1506 Vos
451 1465 498 1508 et
524 1460 755 1524 privatim
784 1468 830 1508 et
859 1461 1055 1526 publice
1092 1461 1464 1526 quaestionibus
1493 1478 1582 1526 per
1609 1466 1856 1508 tormenta
1884 1458 2024 1507 factis

180 1559 421 1590 summam
447 1543 596 1590 fidem
623 1543 838 1604 habetis,
876 1553 924 1594 et
949 1563 1100 1610 quum
1126 1546 1251 1594 servi
1282 1552 1328 1594 et
1353 1545 1557 1609 ingenui
1586 1543 1794 1603 adsunt,
1836 1550 1881 1591 et
1908 1560 2022 1591 con-

178 1626 418 1674 troversia
445 1627 742 1691 explicanda
769 1635 856 1688 est,
897 1646 999 1677 non
1025 1629 1216 1677 utimini
1244 1629 1536 1678 testimoniis
1563 1628 1908 1690 ingenuorum,
1938 1625 2023 1674 sed

179 1709 331 1757 servis
366 1711 681 1774 torquendis,
724 1711 793 1759 sic
832 1711 1087 1761 veritatem
1128 1713 1381 1778 exquirere
1422 1712 1641 1761 studetis.
1696 1712 1869 1774 Neque
1897 1710 2021 1775 iuju-

177 1792 274 1853 ria,
301 1793 510 1858 judices.
563 1795 690 1843 Nam
715 1795 913 1845 illorum
942 1797 1141 1846 testium
1168 1796 1343 1862 aliqui,
1363 1798 1469 1862 Jam
1496 1795 1618 1845 falsa
1644 1811 1749 1843 esse
1780 1793 2024 1843 testificati

179 1875 474 1941 deprehensi
499 1885 638 1940 sunt3
679 1879 765 1928 sed
805 1880 981 1929 horum
1019 1881 1391 1946 quaestionibus
1420 1880 1757 1945 subjectorum
1785 1877 1909 1926 nulli
1936 1895 2022 1926 un-

179 1977 324 2024 qua-m
350 1961 399 2009 in
426 1963 684 2011 tormentis
711 1963 948 2013 mendacii
977 1965 1246 2031 quidquam
1274 1965 1455 2014 dixisse
1484 1962 1724 2028 comperti
1754 1969 1880 2011 sunt.

321 2056 503 2107 Eadem
529 2058 679 2107 habet
705 2059 806 2108 fere
834 2059 892 2108 de
932 2059 1083 2108 verbo
1124 2060 1185 2110 ad
1225 2059 1431 2108 verbum
1458 2061 1629 2109 Isaeus
1671 2058 1768 2119 (de
1810 2057 2022 2106 Ciron.

179 2139 327 2189 here
345 2141 389 2188 d.
418 2138 610 2206 §.12):
638 2142 1006 2207 Vos,judiceS,
1037 2152 1084 2192 et
1110 2143 1307 2209 publice
1336 2150 1383 2193 et
1410 2143 1641 2210 privatim
1670 2141 2025 2206 quaesitionem

178 2224 499 2273 certissimam
526 2225 718 2274 habetis
746 2226 858 2275 fidei
899 2228 1338 2292 approbationem3
1379 2236 1425 2276 et
1452 2227 1500 2275 in
1528 2244 1675 2275 eausa
1702 2225 1785 2274 ubi
1814 2243 1925 2273 eum
1950 2225 2020 2273 in-

178 2307 352 2369 genuis
380 2309 509 2356 servi
537 2327 731 2373 quoque
758 2310 1116 2368 interveniant,
1156 2312 1194 2359 si
1223 2312 1338 2376 quid
1373 2319 1668 2376 quaeratur,
1709 2309 1839 2373 quod
1868 2309 1968 2356 erui
1998 2326 2022 2356 e

179 2409 230 2439 re
259 2391 341 2451 sit,
382 2393 673 2441 testimoniis
699 2394 1027 2458 ingenuorum
1055 2394 1123 2442 nil
1151 2395 1368 2454 utimini,
1407 2394 1493 2442 sed
1522 2410 1610 2459 per
1640 2409 1895 2441 servorum
1922 2400 2019 2439 tor-

180 2483 346 2523 menta
373 2477 618 2525 conanimi
648 2494 809 2525 rerum
837 2478 1179 2527 certitudinem
1207 2479 1461 2544 expiscari.
1515 2478 1576 2526 Et
1603 2476 1777 2525 merito
1807 2473 2025 2540 quidem,

180 2575 294 2606 nam
333 2560 460 2607 bene
501 2561 655 2609 nostis
695 2562 892 2610 testium
933 2562 1063 2610 haud
1106 2579 1289 2626 paucos
1329 2562 1610 2610 testimonia
1663 2560 1841 2608 dixisse
1894 2559 2025 2606 visos

182 2641 328 2691 fuisse
369 2644 630 2705 ementita,
681 2662 937 2694 servorum
977 2653 1139 2693 autem
1178 2646 1433 2694 tormentis
1485 2645 1824 2709 subjectorum
1863 2640 2024 2689 nullus

184 2740 394 2789 unquam
420 2726 537 2788 fuit,
577 2729 657 2792 qui
686 2729 940 2777 convictus
970 2737 1099 2778 esset
1123 2729 1248 2778 falsa
1275 2729 1364 2777 sub
1394 2729 1652 2776 tormentis
1681 2726 1903 2775 edidisse.

323 2808 367 2856 A
384 2812 699 2860 naximen.
736 2812 995 2860 Rhetor.
1036 2812 1172 2870 XVI,
1208 2814 1259 2860 1:
1300 2812 1421 2860 Fide
1463 2812 1658 2875 dignior
1697 2818 1769 2859 est
1804 2807 2023 2874 quaestio

184 2894 434 2941 tormentis
463 2895 594 2943 facta
621 2896 843 2944 testibus.
896 2897 1023 2944 Nam
1051 2897 1258 2944 testibus
1285 2895 1479 2944 mentiri
1509 2894 1739 2943 conducit
1765 2908 1942 2956 saepe:
1968 2891 2024 2937 iis

186 2980 375 3034 autem,
404 2977 577 3039 quibus
605 2981 914 3044 quaestiones
943 2980 1171 3028 admotae
1199 2982 1320 3039 sint,
1350 2980 1467 3028 utile
1497 2987 1569 3027 est.
1594 2995 1708 3026 vera
1735 2976 1923 3036 dicereg
1957 2975 2023 3022 sic

186 3055 314 3103 enim
343 3060 559 3109 cruciatu
587 3063 839 3111 celerrime
866 3062 1152 3111 liberantur.

327 3137 482 3189 Aliter
509 3143 764 3210 Antiphon
795 3146 891 3207 (de
922 3146 1117 3194 caede
1146 3147 1317 3194 Hero
1336 3145 1433 3193 dis
1467 3144 1509 3209 5.
1541 3143 1802 3201 31-—32):
1844 3137 2021 3191 Tortu'-

186 3238 266 3270 rae
293 3223 509 3272 animum
535 3229 782 3277 attendite.
834 3230 1074 3278 Nimirum
1102 3229 1224 3277 falso
1251 3229 1486 3277 indie-avit
1512 3246 1588 3276 me
1618 3244 1810 3285 servus,
1840 3226 1915 3274 cui
1944 3225 2023 3274 vel

186 3306 466 3355 libertatem
493 3307 540 3354 hi
568 3313 911 3374 promiserant,
933 3314 1013 3362 vel
1040 3314 1116 3361 cui
1146 3331 1200 3361 co
1231 3314 1376 3361 finem
1405 3311 1656 3359 tormentis
1684 3310 1843 3358 facere
1872 3308 2020 3367 licuit,

189 3390 266 3440 vel
294 3406 437 3456 quem
465 3399 721 3458 utrumque
763 3398 1032 3461 permovit,
1075 3397 1191 3446 dum
1218 3403 1264 3444 et
1290 3396 1563 3445 libertatem
1593 3393 1826 3459 sperabat
1855 3399 1900 3441 et
1927 3399 2019 3440 tor-
