2114 3642
190 337 290 387 326
909 347 989 379 JUS
1013 345 1290 379 PUBLICUM.

187 481 316 529 Tum
354 480 524 528 hausta
562 476 620 524 de
662 475 796 524 fonte
835 489 987 538 aqua,
1027 473 1134 538 ipse
1174 473 1426 522 columnas
1464 472 1620 522 abluit
1659 477 2010 536 unguentoque

187 564 307 612 linit.
358 562 477 611 Inde
515 567 652 608 tauro
690 558 740 605 in
774 573 949 620 rogum
967 555 1220 620 jugulato,
1262 556 1485 620 votisque
1513 555 1575 604 ad
1602 555 1636 604 J
1642 573 1783 604 ovem
1811 562 1858 604 et
1884 555 2010 603 Mer-

189 646 371 695 curium
398 644 605 691 inferum
645 640 812 700 factis,
851 639 1007 687 bonos
1046 639 1175 687 viros
1214 658 1302 705 pro
1330 640 1540 689 Graecia
1565 646 1785 688 mortuos
1812 638 1873 688 ad
1902 655 2010 687 coe-

186 746 299 777 nam
325 734 372 774 et
398 724 690 788 sanguineas
716 723 915 772 inferias
943 730 1098 771 vocat.
1150 723 1402 772 Postremo
1431 731 1670 772 crateram
1696 723 1811 771 vino
1838 722 2010 787 imple-

186 820 285 859 tam
311 808 594 868 effundens,
634 806 896 872 propinare
924 822 974 854 se
1002 805 1069 853 ait
1095 805 1211 854 viris
1237 824 1326 871 pro
1365 807 1588 856 libertate
1616 805 1855 855 Graeciae
1882 822 2011 854 mor-

185 901 283 941 tem
310 890 483 956 passis.

960 1016 1141 1081 Τμῆμα
1181 1015 1245 1085 δ”.

776 1110 1411 1175 Ἀμφικτυονία,

976 1280 1138 1330 Sectio
1179 1282 1223 1330 4.

774 1376 1425 1442 Amphictyonia.

1021 1496 1168 1544 1276.

318 1576 704 1643 Ἀμφικτυονία
755 1576 907 1634 τόπος
958 1582 1092 1626 ἐστιν
1130 1582 1186 1625 ἐν
1225 1598 1280 1640 τῃ
1315 1573 1521 1626 εΕλλάδι
1564 1581 1652 1626 καὶ
1690 1573 1875 1625 κοινὸν
1911 1575 2013 1625 τῶν

176 1658 436 1722 “Ελλήνων
462 1660 804 1726 δικαστήριον.
834 1657 956 1709 ίὈτε
996 1658 1092 1727 γάρ
1132 1658 1399 1708 ἀδικοῖντο
1439 1681 1568 1715 τινες
1602 1659 1705 1709 τῶν
1735 1655 2010 1719 εΕλλήνων,

185 1744 393 1794 ἀπίασιν
432 1750 640 1795 ἕκεῖσεν.
675 1743 821 1792 Ἐκεῖ
856 1741 951 1811 γάρ
990 1741 1107 1798 τούς
1146 1741 1456 1800 ἀδικοῦντας
1507 1747 1595 1796 καὶ
1646 1740 2012 1807 ἀδικουμένους

177 1827 277 1894 χρὴ
307 1827 621 1888 δικάζεσθαι.
675 1832 773 1876 Καὶ
817 1826 999 1884 πάλιν,
1041 1824 1122 1876 ὅτε
1150 1831 1257 1891 περὶ
1296 1827 1481 1876 κοινοῦ
1522 1846 1655 1883 τινος
1694 1831 2009 1885 σκέπτοιντο,

184 1917 340 1961 ἐκεῖσε
365 1910 721 1977 βουλεύονται.

646 1985 919 2050 (Anonymi
947 2001 1132 2049 argum.
1158 1984 1208 2033 in
1235 1983 1484 2034 Demosth.
1513 1984 1570 2033 de
1598 2001 1729 2050 pace.
1759 1985 1870 2043 56.)

1032 2091 1180 2140 1276.

325 2175 705 2242 Amphictyonia
741 2175 878 2225 locus
916 2182 989 2223 est
1026 2176 1076 2224 in
1104 2173 1314 2224 Graecia
1353 2182 1400 2223 et
1425 2191 1679 2224 commune
1707 2174 2012 2225 Graecorum

178 2259 427 2325 judicium.
481 2260 691 2320 Quando
733 2260 862 2308 enim
904 2259 1147 2324 aliquibus
1187 2259 1361 2323 injuria
1400 2259 1478 2319 fit,
1518 2259 1632 2306 illuc
1659 2276 1709 2307 se
1737 2258 2010 2307 conferunt,

186 2344 289 2393 Illic
317 2345 446 2392 enim
474 2350 520 2391 et
546 2343 639 2390 reis
667 2349 713 2391 et
738 2342 1106 2390 accusatoribus
1140 2358 1285 2390 causa
1311 2341 1503 2404 agenda
1542 2348 1626 2389 est.
1679 2341 1783 2390 Illic
1809 2342 1925 2390 item
1952 2342 2010 2390 de

184 2426 328 2475 rebus
355 2425 690 2475 communibus
718 2424 1030 2473 deliberatur.

1032 2532 1178 2580 1277.

331 2613 401 2663 Τὸ
433 2612 836 2679 Ἀμφικτυόνων
864 2610 1088 2677 σύστημα
1123 2614 1232 2676 περὶ
1269 2632 1320 2660 τε
1345 2612 1448 2660 τῶν
1486 2611 1679 2661 κοινῶν
1714 2610 2010 2677 βουλεύεται

189 2701 275 2745 καὶ
301 2698 393 2746 τοῦ
421 2699 557 2762 ἱεροῦ
588 2696 678 2757 τὴν
704 2700 987 2761 ἐπιμέλειαν
1013 2698 1114 2757 ἔχει
1143 2698 1470 2761 κοινοτέραν,
1511 2693 1596 2744 ἅτε
1624 2699 1711 2743 καὶ
1739 2695 2010 2760 χρημάτων

190 2777 539 2844 ἀποκειμένων
579 2780 780 2828 πολλῶν
819 2784 907 2827 καὶ
948 2777 1324 2841 ἀναθημάτων,
1363 2777 1597 2841 φυλακῆς
1636 2781 1726 2826 καὶ
1762 2773 2010 2846 ἁγιστείας

192 2862 426 2927 δεομένου
446 2862 679 2931 μεγάλης.
1153 2863 1358 2925 (Strabo
1385 2865 1472 2926 IX,
1501 2864 1546 2927 3,
1576 2864 1620 2913 7.
1648 2883 1694 2931 p.
1725 2864 1868 2924 643.)

1025 2960 1172 3010 1277.

332 3031 789 3097 Amphictyonicum
830 3032 1092 3096 collegium
1130 3039 1177 3080 et
1203 3032 1262 3081 de
1290 3031 1495 3098 publicis
1522 3032 1765 3080 consultat
1791 3030 1935 3080 rebus
1962 3038 2009 3080 et

192 3114 359 3178 templi
387 3116 766 3164 communiorem
792 3116 999 3164 sustinet
1037 3116 1455 3180 procurationem,
1495 3113 1656 3162 multis
1682 3113 1748 3162 ibi
1775 3114 2007 3180 pecuniiS,

193 3196 354 3245 multis
394 3196 624 3260 depositis
663 3199 903 3259 donariis,
946 3215 1067 3262 quae
1109 3205 1334 3246 accurata
1370 3196 1592 3259 indigent
1617 3198 1836 3246 custodia
1861 3205 2004 3262 atque

193 3278 524 3328 sanctimonia.

339 3415 470 3472 Τούς
497 3412 679 3480 ὅρκους
711 3419 806 3469 τῶν
840 3417 1239 3485 Ἀμφικτυόνων
1266 3417 1420 3469 εἶναι·
1453 3418 1704 3484 ,ιιηδελιιίαν
1730 3418 1878 3470 πόλιν
1903 3418 2003 3468 τῶν

187 3501 638 3567 ’,[ᾔιιφικτυονίόων
676 3500 960 3553 ἀνάστατον
1001 3502 1250 3563 ποιήσειν,
1296 3503 1413 3564 μηδ’
1454 3498 1652 3553 ὑδάτων
1693 3506 2002 3568 ναματιαίων
