2114 3642
173 226 274 274 530
728 236 1134 271 COMMENTARIUS
1167 235 1230 265 Δ11)
1258 233 1341 267 900.
1370 234 1452 266 901.

170 368 434 428 cabantur,
475 368 653 416 licebat
688 365 754 422 ei,
797 364 879 426 qui
907 361 1170 427 pecuniam
1197 367 1413 408 mutuam
1441 361 1535 426 ipsi
1564 360 1793 422 dederat,
1838 363 1887 410 in
1916 380 2012 411 me-

171 450 302 498 dium
329 451 554 515 prodire,
584 448 826 495 dicentem
855 445 946 493 sibi
975 444 1194 492 debitum
1221 444 1271 491 in
1298 444 1401 508 ejus
1429 444 1572 492 bonis
1603 444 1785 493 deberi.
1833 445 1896 492 Et
1922 446 2015 494 hoc

170 542 376 582 vocatur
403 520 776 580 vindicatio
813 537 860 576 et
887 528 1278 586 vindicare.)

310 627 454 675 Aetio
484 624 761 689 hujusmodi
789 624 937 671 etiam
965 619 1260 668 διαδικασία
1291 625 1591 683 vocabatur,
1636 631 1688 670 ut
1715 623 1885 671 dicunt
1911 624 1950 671 L
1967 641 2012 671 e-

168 711 311 759 xica
339 711 539 772 Seguer.
568 727 614 773 p.
633 708 761 755 236:
792 704 1087 752 διαδικασία
1117 708 1309 770 λέγεται
1338 702 1464 752 ὅταν
1493 703 1822 766 δημευθείσης
1837 701 2014 759 οὐσίας

167 790 431 849 δικάζηταί
457 810 528 844 τις
556 787 676 851 πρὸς
702 787 760 835 τὸ
790 786 1060 849 δημόσιον,
1104 781 1170 842 οἷς
1198 785 1546 851 ὀφειλοιιιένων
1573 784 1715 850 αὐτῷ
1736 785 2014 850 χρημάτων

165 879 219 922 ἐν
246 873 302 935 τῇ
332 872 639 935 δημευθείσῃ
668 869 835 936 οὐσίᾳ.
892 870 1229 934 (Διαδικασία
1258 873 1433 921 dicitur
1461 891 1612 937 quum
1640 872 1900 937 publicatis
1927 873 2012 921 bo-

165 959 238 1005 nis
270 958 458 1021 judicio
499 957 752 1006 contendit
785 957 959 1020 aliquis
989 974 1100 1004 eum
1128 956 1408 1021 republica,
1450 955 1580 1020 quod
1609 955 1887 1004 debeantur
1913 956 2007 1020 ipsi

164 1042 400 1105 pecuniae
431 1060 454 1088 e
483 1041 625 1089 bonis
653 1040 962 1105 publicatis)

943 1166 1041 1219 Ad
1076 1168 1228 1219 900.

304 1279 336 1328 S
355 1279 458 1327 uid
474 1297 538 1326 as
565 1296 599 1326 S.
631 1297 674 1325 v.
705 1273 968 1342 ἀγραφίου
986 1297 999 1321 .·
1042 1278 1255 1326 Nomina
1281 1278 1475 1324 illorum
1505 1276 1586 1340 qui
1613 1277 1845 1325 mulctam
1875 1294 2008 1325 aera-

158 1363 230 1410 rio
259 1363 511 1411 debebant
538 1363 716 1409 rabulis
756 1362 1097 1410 inscribebant
1126 1362 1239 1408 huic
1268 1361 1468 1424 negotio
1498 1379 1587 1425 pro
1615 1369 1837 1425 tempore
1866 1379 2008 1426 prae-

158 1447 331 1510 positi,
375 1446 540 1493 addito
569 1454 806 1509 quantum
836 1446 1143 1509 singulorum
1174 1452 1301 1493 esset
1329 1444 1508 1494 debito.

947 1598 1046 1650 Ad
1087 1600 1224 1650 901.

300 1709 536 1768 Tributa,
591 1728 715 1773 quae
764 1710 954 1758 alienae
997 1710 1221 1758 civitates
1261 1709 1648 1757 Atheniensibus
1690 1708 2004 1774 pendebant,

157 1793 342 1857 primus
383 1794 605 1841 definivit
642 1794 909 1848 Aristides,
952 1802 1073 1841 teste
1102 1793 1395 1858 Thucydide
1433 1794 1520 1851 (V,
1558 1794 1672 1851 180:
1716 1788 1800 1844 τὰς
1830 1787 1878 1836 δὲ
1910 1786 2004 1835 πό-

154 1878 253 1929 λεις
293 1873 545 1936 φερούσας
578 1873 670 1922 τὸν
711 1875 877 1938 φόρον
920 1873 1032 1923 τὸν
1084 1879 1169 1922 ἐπ’
1217 1872 1643 1934 Ἀριστείδου
1683 1870 2006 1936 asmuwiuovg

154 1956 297 2007 εἶναι.

297 2043 445 2091 Teste
487 2045 754 2092 Plutarcho
798 2044 1095 2104 (Aristid.
1126 2044 1220 2103 24)
1263 2043 1442 2093 Graeci
1477 2043 1735 2094 Aristidem
1765 2045 1827 2092 ab
1856 2042 2003 2091 Athe-

154 2127 408 2174 niensibus
445 2129 718 2192 petierunt,
761 2128 839 2191 qui
882 2146 1026 2190 agros
1068 2135 1115 2174 et
1155 2127 1338 2175 reditus
1379 2127 1671 2191 inspiceret,
1714 2145 1770 2175 ac
1797 2125 2004 2193 proinde

153 2211 415 2274 unicuique
444 2212 551 2258 urbi
581 2230 668 2275 pro
709 2212 814 2275 ejus
856 2211 1174 2258 facultatibus
1214 2210 1504 2275 pensionem
1544 2209 1796 2259 indiceret.
1850 2209 2001 2259 Athe-

152 2294 395 2341 niensium
436 2294 555 2342 socii
595 2293 832 2341 tributum
869 2294 931 2341 ab
966 2292 1173 2342 Aristide
1208 2293 1493 2358 impositum
1521 2294 1807 2342 felicitatem
1836 2310 2001 2356 quam-

153 2376 265 2424 dam
283 2376 524 2424 Graeciae
553 2376 855 2423 nominando
887 2375 1222 2435 celebrabant,
1251 2377 1460 2423 maxime
1490 2394 1601 2423 cum
1630 2377 1678 2424 id
1707 2377 1860 2424 multo
1891 2382 2003 2440 post

152 2467 371 2524 tempore
400 2460 604 2524 duplum
633 2469 778 2523 atque
813 2459 926 2507 inde
967 2459 1165 2524 triplum
1207 2459 1502 2523 exigeretur.
1557 2459 1785 2508 Aristidis
1812 2475 2003 2507 summa

152 2550 255 2589 erat
294 2544 588 2591 talentorum
631 2543 824 2590 circiter
863 2542 1338 2607 quadringentorum
1392 2543 1684 2607 sexaginta3
1736 2542 1848 2590 huic
1899 2542 1998 2590 fere

151 2625 373 2674 trientem
404 2627 592 2674 addidit
620 2627 859 2686 Pericles,
890 2626 1134 2689 siquidem
1161 2626 1479 2692 Thucydides
1507 2627 1574 2674 ait
1602 2627 1691 2687 (II,
1726 2627 1816 2685 13)
1845 2625 1997 2675 Athe-

152 2708 403 2756 niensibus
433 2728 460 2756 a
487 2710 630 2757 sociis
659 2710 846 2757 talenta
874 2709 1075 2756 rediisse
1104 2717 1356 2757 sexcenta.
1398 2710 1592 2758 Mortuo
1621 2711 1839 2771 Pericle,
1869 2728 1996 2758 sum-

153 2808 233 2837 ma
259 2793 319 2838 ab
348 2793 430 2853 iis,
472 2793 553 2855 qui
594 2793 834 2857 populum
874 2793 1194 2841 concionibus
1235 2794 1499 2855 regebant,
1541 2794 1603 2842 ad
1644 2794 1775 2841 mille
1818 2801 1864 2841 et
1902 2802 1996 2841 tre-

152 2881 295 2920 centa
322 2874 501 2923 talenta
528 2885 600 2923 est
627 2875 864 2936 adducta,
906 2894 1004 2924 non
1044 2885 1141 2924 tam
1169 2876 1300 2924 bello
1331 2878 1392 2924 ob
1423 2877 1730 2925 durationem
1760 2885 1808 2925 et
1836 2878 1997 2925 varios

153 2972 291 3003 casus
327 2965 487 3004 tantos
527 2967 751 3023 sumptus
792 2961 1103 3024 postulante,
1145 2977 1291 3023 quam
1320 2961 1506 3025 populo
1538 2962 1599 3008 ab
1628 2961 1684 3008 iis
1711 2959 1772 3008 ad
1800 2959 1995 3008 divisio-

150 3055 235 3085 nes
263 3040 610 3102 pecuniarum,
654 3041 874 3089 theorica
903 3051 949 3090 et
977 3043 1349 3091 simulacrorum
1378 3061 1432 3091 ac
1472 3044 1766 3109 templorum
1807 3051 1993 3091 exstru-

151 3121 336 3167 ctiones
366 3122 632 3183 exigendas
660 3123 835 3173 illecto.

292 3204 660 3266 Descriptiones
720 3208 1017 3255 tributorum
1076 3226 1104 3255 a
1153 3210 1296 3256 sociis
1360 3210 1630 3257 solutorum
1696 3210 1808 3257 vide
1860 3210 1992 3274 apud

148 3285 552 3333 Boeckhium.
605 3289 841 3345 (Staatsh.
883 3290 925 3337 d.
974 3291 1143 3340 Athen.
1186 3292 1325 3338 Tum.
1377 3294 1430 3340 11.
1483 3311 1527 3356 p.
1571 3292 1670 3337 369
1730 3310 1882 3356 usque
1924 3292 1987 3339 ad

148 3370 340 3425 finem.)
