2114 3642
413 222 818 255 COMMENTARIUS
845 220 914 253 AD
943 216 1046 252 1525.
1078 216 1181 254 1526.
1213 216 1314 253 1527.
1346 216 1448 253 1'537.
1480 217 1581 254 1538,
1821 206 1922 254 635

84 351 217 400 sibus
245 351 478 416 placitam
506 348 681 410 fuisse,
710 354 918 414 apparet
945 364 1005 396 ex
1032 347 1265 397 Isocratis
1294 348 1514 397 oratione
1542 354 1712 396 contra
1740 349 1923 413 Euthy-

83 451 227 490 num,
267 432 352 481 ubi
380 429 422 497 ξ.
452 433 496 480 4.
525 431 730 495 legitur:
776 432 932 494 Νικίᾳ
972 423 1092 477 οὔτε
1132 432 1657 493 παρακατατιθεμένῳ
1696 426 1758 476 τὰ
1791 428 1923 493 χρή-

79 533 216 578 ματα
245 509 365 562 οὔτε
391 517 718 577 κομιζομένῳ
759 511 925 570 οὐδεὶς
965 507 1076 561 οὔτ’
1104 511 1369 576 ἐλεύθερος
1407 507 1528 561 οὔτε
1562 510 1746 567 δοῦλος
1773 530 1924 575 παρε-

83 602 282 666 γένετο,
335 592 459 645 ὥστε
493 594 608 658 μήτ’
648 600 708 645 ἐκ
747 594 993 659 βασάνων
1026 593 1140 659 μήτ’
1180 599 1239 643 ἐκ
1272 594 1547 659 μαρτύρων
1599 592 1756 644 οἶόντ’
1795 592 1925 642 εἶναι

84 678 276 750 γνῶναι
307 682 415 744 περὶ
443 675 630 728 αὐτῶν.
685 681 881 740 (Niciae
921 696 1079 746 neque
1109 679 1377 745 deponenti
1404 681 1638 746 pecunias
1664 697 1825 746 neque
1850 697 1924 728 re-

86 765 286 832 cipienti
312 765 569 831 quisquam
598 763 758 812 adfuit
784 764 863 812 vel
889 764 1134 827 ingenuus
1151 762 1226 811 vel
1243 780 1428 812 servus.
1456 764 1628 828 Itaque
1656 780 1749 813 nec
1775 779 1923 828 quae-

84 849 323 900 stionibus
350 864 439 900 nec
467 848 673 900 testibus
701 864 778 898 res
805 847 1003 915 probari
1030 848 1236 912 potest.)

844 988 944 1042 Ad
980 987 1170 1041 1525.

227 1102 304 1152 Cf.
342 1103 524 1153 Lexica
563 1102 764 1167 Seguer.
806 1120 851 1167 p.
885 1100 998 1159 191,
1043 1099 1160 1152 279,
1212 1097 1375 1153 SchoL
1416 1098 1464 1151 in.
1506 1095 1728 1151 Aeschin‚
1771 1093 1925 1143 Ctesi-

85 1185 255 1251 phont.
287 1186 402 1238 125.
810 1168 818 1172 -

853 1255 951 1309 Ad
980 1255 1168 1309 1526.

229 1354 274 1402 D
293 1354 555 1403 emosth.
585 1354 716 1402 adv.
746 1354 1133 1419 Apaturium
1159 1353 1288 1401 896:
1318 1354 1538 1402 Instante
1558 1353 1746 1418 judicio
1774 1353 1931 1403 defert

87 1439 332 1487 Parmeno
350 1437 697 1503 jusjurandum
724 1436 965 1503 Apaturio
994 1437 1053 1486 de
1084 1437 1378 1501 quibusdam
1406 1437 1705 1486 criminibus,
1756 1436 1813 1484 Id
1838 1437 1927 1484 iste

85 1521 286 1585 accipit,
317 1521 540 1586 deposita
566 1520 775 1587 pecunia
802 1516 1213 1581 (ἐπιδιαθέμενος
1240 1515 1532 1585 ἀργύριον),
1570 1520 1659 1569 nisi
1679 1519 1928 1585 jusjuran-

85 1603 202 1653 dum
228 1603 347 1653 illud
368 1604 570 1670 Juraret„

839 1671 940 1724 Ad
975 1672 1166 1725 1527.

228 1772 584 1836 Harpocratio:
619 1767 677 1816 'E
694 1789 727 1815 π
744 1788 758 1816 ι
775 1790 799 1816 τ
818 1789 884 1831 ιμ
901 1789 926 1827 η
942 1790 967 1816 τ
984 1788 1015 1816 α
1032 1770 1049 1816 ί
1066 1789 1081 1816 .·
1125 1771 1185 1816 Οἱ
1214 1770 1312 1832 μέν
1338 1767 1395 1817 τὸ
1425 1769 1625 1833 πρῶτον
1651 1768 1928 1833 τιμώμενοί

83 1872 129 1899 τι
163 1872 267 1915 τιμ
288 1855 431 1911 ηταὶ
467 1852 783 1909 ἐκαλοῦντο,
825 1854 872 1899 οὶ
902 1850 950 1900 δὲ
979 1857 1083 1907 τοῖς
1112 1851 1220 1910 ἑξῆς
1248 1852 1376 1899 ἔτεσι
1402 1849 1463 1899 τά
1494 1849 1625 1900 αὐτὰ
1653 1850 1927 1916 τιμώμενοι

83 1940 226 1984 &aaz
244 1955 310 1999 ιμ,
327 1956 392 1994 ητ
409 1937 487 1986 αι’.
529 1938 650 1998 (Qui
679 1937 890 2002 primum
917 1936 1097 2001 aliquid
1125 1937 1484 1998 aestimabant,
1515 1939 1825 1987 vocabantur
1851 1955 1927 1983 τι·

82 2021 237 2082 μηταί
254 2057 266 2078 ,
296 2022 377 2086 qui
404 2037 521 2071 vero
550 2022 868 2086 sequentibus
895 2021 1035 2069 annis
1062 2020 1190 2068 idem
1218 2020 1574 2083 aestimabant,
1604 2020 1929 2084 ἑπιτιμηταί.)

852 2161 1166 2214 Ad1537.

228 2272 429 2337 Gajus
462 2272 578 2320 inl.
609 2271 654 2319 3.
692 2272 831 2337 Dig.
857 2270 1066 2331 XLVII,
1096 2271 1176 2320 22.
1217 2271 1287 2320 de
1329 2272 1564 2336 colleg.
1606 2281 1666 2321 et
1703 2290 1924 2339 corpo-

83 2355 292 2404 ribus:
335 2355 575 2417 „Sodales
614 2364 753 2417 sunt,
794 2357 877 2420 qui
917 2354 1134 2420 ejusdem
1170 2355 1364 2419 collegii
1392 2363 1529 2414 sunt,
1572 2374 1717 2421 quam
1747 2357 1926 2406 Graeci

84 2438 312 2501 ἑταιρίαν
338 2447 541 2502 vocant;
580 2440 653 2488 his
681 2446 847 2489 autem
873 2446 1169 2506 potestatem
1197 2439 1314 2488 facit
1343 2439 1433 2499 lex,
1460 2440 1751 2505 pactionem,
1782 2458 1927 2504 quam

84 2522 266 2583 velint,
308 2522 400 2570 sibi
440 2523 589 2583 ferre,
628 2523 746 2572 dum
772 2540 834 2572 ne
864 2523 980 2587 quid
1009 2540 1069 2571 ex
1096 2522 1297 2587 publica
1322 2521 1431 2585 lege
1461 2531 1799 2589 corrumpant,
1840 2524 1925 2573 sed

85 2604 205 2653 haec
232 2604 311 2654 lex
338 2604 534 2654 videtur
561 2623 618 2653 ex
647 2606 760 2671 lege
788 2605 982 2655 Solonis
1020 2605 1258 2654 translata
1296 2622 1429 2666 esse,
1470 2623 1582 2654 nam
1609 2606 1708 2655 illic
1734 2606 1802 2656 ita
1828 2615 1926 2656 est:

85 2682 177 2734 ἐὰν
203 2684 256 2733 δέ
281 2684 436 2749 δῆμος
464 2689 586 2738 etc-‘⁶

848 2756 947 2809 Ad
971 2757 1161 2811 1538.

226 2864 566 2915 Aristotel.
601 2867 806 2917 Ethic.
843 2868 1081 2918 Nicom.
1111 2868 1248 2929 VIII,
1278 2871 1322 2930 9,
1353 2871 1517 2917 4-—52
1558 2870 1740 2919 Omnes
1767 2871 1919 2920 socie-

84 2955 209 2999 tates
237 2955 350 2998 sunt
376 2955 613 3014 tanquam
641 2950 882 3014 quaedam
910 2951 1066 3000 civilis
1102 2953 1350 3000 societatis
1376 2959 1556 3018 partes.
1610 2953 1927 3003 Conveniunt

84 3033 215 3081 enim
253 3032 471 3080 homines
509 3050 658 3096 quum
698 3035 1012 3083 emolumenti
1050 3034 1258 3100 alicujus
1297 3037 1483 3098 gratia,
1525 3043 1629 3085 tum
1666 3046 1713 3085 ut
1741 3037 1922 3101 aliquid

83 3123 325 3182 quaerant
351 3133 409 3164 ac
444 3124 622 3180 parent
659 3117 789 3165 vitae
829 3118 1215 3166 necessariorum
1221 3156 1390 3168 .....
1419 3119 1625 3169 Ceterae
1664 3121 1923 3170 societates

83 3215 173 3264 pro
212 3215 300 3247 sua
340 3215 561 3263 quaeque
601 3205 740 3264 parte
779 3200 897 3249 utile
940 3207 1207 3265 expetunt:
1247 3201 1389 3250 verbi
1427 3203 1610 3265 gratia,
1657 3211 1836 3252 nautae
1873 3202 1922 3251 id

84 3281 215 3346 quod
244 3299 268 3331 e
295 3281 610 3346 navigatione
637 3282 914 3345 quaeritur,
948 3290 1000 3330 ut
1026 3282 1288 3347 pecuniam
1315 3285 1604 3347 conficiant,
1633 3293 1715 3334 aut
1740 3285 1921 3349 aliquid

85 3366 184 3414 tale
212 3372 599 3432 consequantur:
638 3365 1022 3427 commilitoneS,
1048 3365 1098 3415 id
1125 3367 1256 3431 quod
1282 3367 1412 3417 bello
1440 3376 1666 3434 palatui-3
1704 3369 1918 3433 itemque
