2114 3642
769 187 833 220 DE
858 187 1180 220 FOEDERIBUS.
1779 159 1877 213 335

58 314 129 379 τῷ
167 315 354 378 πλοίῳ·
402 314 470 377 τῷ
511 312 559 361 δὲ
600 310 817 374 φήναντι
860 309 887 371 ἢ
925 311 1203 371 ἑνδείξαντι
1242 312 1344 361 τῶν
1381 311 1632 377 δημοσίων
1672 313 1793 358 ἴστω
1819 306 1879 357 τά

59 393 262 460 ἡμίσεα·
305 393 395 444 ἐάν
423 395 469 444 δὲ
499 395 682 451 δοῦλος
708 391 737 458 ᾖ
766 390 792 443 ὁ
817 394 1071 458 μηνύσας,
1112 394 1374 460 ἐλεύθερος
1403 397 1541 453 ἔστω,
1581 398 1668 444 καὶ
1698 397 1880 458 μέρους

58 478 159 528 τῶν
188 478 461 543 χρημάτων
494 482 710 542 μετέστω
750 475 917 544 αὐτῷ·
956 476 1048 529 τὸν
1088 478 1136 527 δὲ
1176 478 1423 547 ἐξάγοντα
1462 484 1522 528 ἐκ
1565 480 1882 543 Κέῳμίλτον

58 562 255 630 ἐξάγειν
282 567 340 626 ἐμ
370 566 530 626 πλοίῳ
570 558 612 628 (ᾖ
639 559 706 614 ἂν
750 560 1026 622 Ἀθηναῖοι
1071 560 1427 621 ἀποδὲίξωσιν·
1480 560 1570 612 ἐάν
1608 560 1661 611 δέ
1707 581 1777 617 τις
1828 564 1883 609 ἐν

58 641 197 710 ἄλλῳ
224 644 376 712 ἐξάγῃ
404 648 595 710 πλοίῳ,
624 647 813 708 ἔνοχον
839 644 980 693 εἶναι.

198 731 299 792 (Ex
326 730 542 799 inscript.
558 731 816 782 Boeckhii:
845 730 1180 781 Staatshaush.
1198 731 1241 780 d.
1260 729 1489 781 Athener.
1520 733 1657 781 Tom.
1675 733 1736 781 ΙΙ.

1525 823 1569 871 p.
1598 804 1741 863 352.)

905 874 1056 924 1298.

200 960 390 1008 Placuit
427 961 616 1009 senatui
654 959 936 1025 populoque
977 959 1304 1019 Juhensium,
1346 960 1549 1008 concedi
1589 959 1883 1024 exportatio-⁷

59 1060 173 1091 nem
212 1043 435 1091 rubricae
478 1042 721 1104 Athenas,
763 1043 994 1091 aliorsum
1035 1049 1198 1090 autem
1240 1060 1491 1107 nusquam.
1544 1042 1592 1091 Si
1634 1059 1751 1090 vero
1779 1040 1886 1106 quis

58 1128 288 1175 aliorsum
317 1127 647 1192 exportaverit
687 1127 964 1192 publicetur
991 1133 1038 1174 et
1065 1125 1318 1188 navigium
1345 1133 1392 1174 et
1419 1126 1547 1190 quod
1575 1127 1624 1173 in
1651 1143 1707 1174 eo
1733 1124 1885 1173 conti-

57 1217 212 1259 netur.
269 1210 538 1259 Dimidium
577 1217 739 1259 autem
776 1210 1137 1276 publicatorum
1176 1210 1237 1258 sit
1275 1209 1536 1258 indicantis
1576 1208 1652 1257 vel
1692 1209 1879 1256 denun-

59 1293 246 1357 ciantis.
299 1292 349 1340 Si
386 1292 574 1342 delator
612 1293 758 1342 fuerit
783 1310 981 1354 servus,
1022 1311 1172 1342 manu
1197 1293 1442 1353 mittatur,
1484 1299 1768 1358 partemque
1797 1309 1882 1356 pu-

59 1376 347 1425 blicatorum
374 1376 596 1441 accipiat.
649 1376 742 1437 Qui
783 1384 948 1425 autem
974 1393 998 1423 c
1027 1375 1127 1424 Ceo
1156 1375 1490 1441 exportaverit
1518 1376 1789 1435 rubricam,
1820 1374 1887 1421 fa-

60 1460 154 1508 ciat
190 1459 280 1507 hoc
318 1459 367 1507 in
407 1460 631 1523 navigio,
673 1460 805 1525 quod
842 1458 1170 1509 Athenienses
1207 1459 1559 1509 constituerint.
1612 1458 1662 1508 Si
1690 1474 1807 1506 vero
1837 1456 1887 1503 in

60 1543 154 1592 alio
181 1543 380 1606 navigio
408 1544 767 1610 exportaverit,
807 1560 919 1593 reus
946 1543 1198 1592 habeatur.

898 1651 1047 1700 1299.

203 1729 399 1796 Κύριον
424 1731 553 1781 εἶναι
582 1728 657 1781 ὅτι
687 1729 751 1781 ἄν
792 1730 848 1780 τὸ
890 1733 1085 1791 πλῆθος
1124 1733 1225 1781 τῶν
1263 1733 1546 1796 ξυμμάχων
1588 1734 1888 1797 ψηφίσηται,

62 1812 122 1875 ἢν
142 1816 212 1880 μή
240 1836 283 1864 τι
316 1815 452 1865 θεῶν
482 1813 510 1875 ἢ
540 1811 712 1882 ἡρώων
738 1815 951 1881 κώλυμα
977 1812 1022 1881 ᾖ.
1219 1818 1523 1885 (Thucydid.
1554 1817 1612 1878 V,
1641 1817 1748 1876 30.)

901 1928 1047 1975 1299.

204 2009 258 2058 Id
298 2016 456 2058 ratum
496 2009 760 2071 habeatur,
802 2011 931 2075 quod
979 2011 1133 2076 major
1173 2010 1415 2059 sociorum
1454 2028 1569 2076 pars
1608 2009 1891 2069 decreverit,

62 2093 152 2142 nisi
180 2092 385 2142 deorum
410 2094 489 2142 vel
516 2094 718 2142 heroum
746 2094 945 2160 aliquod
972 2094 1380 2161 impedimentum
1405 2093 1744 2143 intercesserit.

903 2203 1049 2252 1300.

203 2285 292 2330 Δεῖ
314 2281 416 2330 τῶν
442 2283 637 2332 κοινῶν
663 2285 746 2342 τῆς
775 2279 1023 2340 ςΕλλάδος
1064 2282 1390 2348 ἀδικημάτων
1428 2283 1557 2333 εἶναι
1597 2282 1691 2343 τήν
1723 2286 1892 2348 κρίσιν

63 2362 165 2413 οὐκ
204 2364 310 2430 ἰδίᾳ
348 2364 479 2430 παρά
521 2374 624 2423 τοῖς
656 2365 959 2426 Ἀθηναίοις
1001 2365 1109 2416 ἀλλ’
1150 2371 1228 2416 ἐπὶ
1268 2368 1361 2416 τοῦ
1400 2366 1588 2416 κοινοῦ
1625 2365 1892 2429 συνεδρίου

62 2449 165 2498 τῶν
193 2444 467 2509 ςΕλλήνων.
1095 2456 1324 2517 (Diodor.
1353 2454 1500 2503 Sicul.
1530 2455 1615 2513 XI,
1645 2454 1750 2512 55.)

910 2539 1058 2588 1300.

203 2621 260 2669 In
298 2619 524 2684 publicas
563 2620 801 2670 Graeciae
842 2622 991 2670 totius
1028 2622 1230 2687 injurias
1268 2639 1367 2670 non
1406 2621 1597 2686 privato
1624 2619 1892 2671 Athenien-

62 2705 186 2752 sium
226 2703 412 2768 judicio
463 2703 999 2768 animadvertendum,
1052 2707 1138 2756 sed
1188 2707 1238 2754 in
1288 2704 1533 2755 communi
1587 2703 1893 2753 Graecorum

62 2795 321 2837 conventu.

208 2938 340 2996 Τοὺς
368 2936 820 3001 ἄλλουςτἘλληνας
848 2945 1056 3002 πάντας,
1098 2944 1216 3000 τους
1245 2965 1291 2992 τε
1319 2941 1451 2990 κατά
1479 2941 1572 3001 τήν
1593 2940 1776 2993 Ἀσίαν
1802 2947 1893 2992 καὶ

61 3022 193 3072 κατά
233 3022 327 3083 τήν
364 3022 639 3089 Εὐρώπην,
681 3029 977 3092 ἐλευθέρους
1015 3022 1288 3091 ὑπάρχειν,
1328 3029 1417 3073 καὶ
1457 3025 1629 3090 νόμοις
1662 3026 1891 3092 χρῆσθαι

61 3115 165 3163 τοῖς
193 3107 355 3163 ἰδίοις.
911 3185 1039 3233 1301
1117 3114 1396 3180 (Polybius.
1424 3113 1611 3177 XVIII,
1642 3115 1751 3173 27.)

205 3265 395 3315 Caeteri
424 3283 594 3314 omnes
623 3266 826 3328 Graeci,
862 3276 910 3316 et
935 3268 1016 3332 qui
1043 3267 1092 3315 in
1121 3266 1238 3317 Asia
1264 3268 1451 3332 degunt
1478 3277 1527 3318 et
1553 3270 1635 3335 qui
1661 3270 1711 3318 in
1740 3270 1891 3317 Euro-

63 3365 153 3413 pa,
183 3347 323 3398 liberi
349 3349 470 3413 sint,
499 3350 695 3416 suisque
722 3351 915 3416 legibus
944 3358 1154 3401 utantur.
