2114 3642
204 228 303 275 522
530 243 937 276 COMMENTARIUS
969 240 1033 271 Ao
1063 238 1144 272 sm.
1173 239 1254 272 s21.
1285 240 1366 272 822.
1397 240 1477 273 824.
1507 240 1587 273 825.
1617 240 1700 272 826.

203 371 308 432 via,
351 389 527 436 nempe
570 368 949 418 denunciatione
992 367 1222 415 utebatur
1261 375 1434 416 contra
1468 386 1616 416 reum.
1670 367 1804 418 Alias
1833 367 2045 432 denique

202 462 375 502 contra
401 454 735 518 sycophantas
764 450 825 498 ad
854 445 1078 512 προβολὴ
1090 468 1117 495 ν
1143 451 1478 514 confugiebat.

344 537 420 585 Cf.
450 535 611 584 Schol.
652 535 701 581 in
730 532 957 583 Aeschin.
998 535 1058 583 de
1098 533 1224 583 male
1262 543 1403 597 gesta
1444 535 1590 596 legat.
1636 534 1751 595 145,
1796 534 1920 581 etin
1949 534 2044 581 De-

201 619 374 668 mosth.
404 617 667 666 Midianam
698 618 814 678 514,
844 618 888 666 6.
942 617 1102 666 Schol.
1144 616 1204 666 ad
1247 617 1464 666 Platonis
1492 616 1694 666 Axioeh.
1737 635 1782 682 p.
1813 617 1927 664 465.
1970 616 2043 665 ed.

200 702 410 752 Bekker.

982 768 1081 822 Ad
1123 771 1262 823 819.

340 868 516 917 Pollux
545 868 682 928 VIII,
713 868 804 915 46:
846 867 1117 929 Προβολαὶ
1161 864 1210 913 δὲ
1251 868 1521 933 γίγνονται
1560 865 1657 913 τοῦ
1687 863 1850 929 δήμου
1881 878 2043 929 ψηφι-

198 952 420 1012 σαμένου
446 952 537 997 καὶ
564 947 697 997 κατὰ
726 949 827 998 τῶν
854 946 1213 998 εὐνουστάτων
1248 949 1310 1013 τῇ
1336 949 1490 1000 πόλει,
1532 950 1830 1012 (Querelae‚
1871 952 2042 1000 suffra-

193 1043 343 1098 gante
372 1035 584 1101 populo,
614 1035 759 1083 etiam
784 1035 842 1083 iis
869 1041 1134 1100 parantur,
1175 1035 1257 1099 qui
1287 1035 1471 1101 optime
1499 1042 1615 1084 sunt
1641 1036 1806 1083 affecti
1835 1051 1955 1098 erga
1981 1035 2044 1083 ci-

196 1118 442 1178 vitatem.)

868 1186 968 1240 Ad
995 1189 1112 1241 821
1139 1192 1200 1240 et
1226 1189 1375 1241 822.

338 1297 412 1347 Cf.
454 1299 600 1346 etiam
641 1299 826 1347 Lexica
864 1299 1170 1363 Segueriana
1209 1316 1254 1364 p.
1285 1299 1387 1347 313
1428 1305 1476 1347 et
1510 1299 1626 1347 315.
1680 1300 1805 1347 Item
1833 1298 2042 1364 Gregor.

196 1380 415 1430 Corinth.
444 1382 506 1431 ad
535 1382 864 1446 Hermogenis
890 1383 1105 1432 method.
1134 1384 1378 1448 eloquent.
1413 1383 1562 1432 1119.
1593 1400 1631 1431 c.
1662 1384 1723 1432 II.

979 1523 1080 1576 Ad
1108 1525 1260 1576 824.

338 1632 528 1683 Suidas.
575 1629 827 1694 Ἐκφυλ
847 1637 870 1681 λ
890 1640 1197 1696 οφορεῖν·
1253 1635 1300 1681 οἱ
1341 1630 1507 1696 ἀρχὴν
1545 1652 1659 1681 τινα
1697 1628 1936 1693 ἄρξαντες
1975 1627 2043 1679 ἂν

194 1711 540 1777 εὐθυνόμενοι
570 1710 673 1764 ὑπὸ
700 1715 785 1774 τῆς
819 1715 1006 1780 βουλῆς
1045 1711 1267 1774 ἁλῶσιν,
1307 1720 1364 1764 ἐν
1389 1719 1605 1777 φύλλοις
1632 1718 1800 1771 ἐλαίας
1825 1712 1887 1762 τά
1916 1711 2042 1763 ὀνό-

189 1817 328 1860 ματα
356 1795 529 1847 αὐτῶν
554 1803 840 1866 ἐνέγραφον
868 1802 913 1848 οἱ
941 1801 1215 1863 βουλευταὶ
1235 1838 1246 1857 ,
1287 1802 1377 1847 καὶ
1406 1799 1661 1848 καθιᾶσιν
1686 1802 1756 1856 εἰς
1781 1797 1903 1855 τούς
1929 1800 2041 1860 ἐχί-

195 1897 340 1937 νους·
383 1878 488 1945 ἅμα
515 1903 565 1931 τε
594 1877 618 1941 ἦ
650 1886 757 1945 περὶ
785 1881 958 1932 αὐτῶν
998 1887 1160 1939 πίστις
1200 1881 1635 1950 προσενεγράιρετο
1674 1890 1778 1939 τοῖς
1812 1881 2042 1944 φύλλοις.

195 1967 316 2027 (Qui
345 1968 688 2030 magistratum
716 1970 931 2034 aliquem
968 1976 1252 2034 gesserant,
1293 1970 1329 2017 si
1359 1970 1574 2018 muneris
1601 1970 1727 2018 male
1754 1969 1880 2033 gesti
1909 1986 1938 2017 a
1965 1984 2038 2017 se-

193 2057 310 2098 natu
364 2052 576 2100 convicti
629 2053 862 2114 fuissent,
904 2061 1157 2102 senatores
1198 2053 1399 2101 nomina
1438 2070 1607 2102 eorum
1647 2054 1696 2101 in
1736 2053 1863 2101 foliis
1903 2051 2038 2100 oleae

193 2134 373 2197 scripta
410 2134 460 2181 in
500 2134 700 2183 echinos
752 2135 1104 2198 demittebant,
1146 2137 1451 2200 argumentis
1497 2143 1545 2185 et
1585 2135 1860 2185 rationibus
1911 2135 2037 2183 latae

192 2219 468 2267 sententiae
496 2218 636 2266 simul
666 2218 969 2284 adscriptis.)

337 2300 410 2349 Cf.
440 2301 603 2350 Schol.
631 2302 680 2349 in
710 2303 938 2352 Aeschin.
966 2302 1210 2352 Timarch.
1252 2303 1336 2350 111
1362 2321 1371 2365 3
1400 2311 1447 2351 et
1473 2303 1589 2352 Lex.
1620 2302 1823 2367 Seguer.
1852 2321 1898 2367 p.
1923 2303 2038 2350 248.

976 2443 1076 2495 Ad
1103 2445 1256 2496 825.

336 2552 601 2618 Perperam
642 2555 787 2603 vertit
825 2554 1012 2602 Petitus
1054 2554 1189 2614 (Lib.
1218 2555 1305 2611 IV,
1345 2555 1413 2603 tit.
1443 2556 1477 2610 Ι,
1522 2550 1564 2618 §.
1595 2555 1679 2613 2):
1730 2555 1810 2615 „in
1843 2553 2038 2618 judices

194 2633 402 2697 allegere
431 2654 537 2695 eos,
580 2638 660 2701 qui
701 2636 886 2685 Senatu
926 2638 1041 2686 moti
1082 2644 1218 2697 sunt,
1260 2637 1331 2685 fas
1372 2637 1524 2685 esto.“
1580 2637 1690 2697 Quo
1734 2644 1880 2701 pacto
1907 2636 2036 2684 enim

194 2719 466 2779 potuissent
499 2720 635 2783 digni
677 2719 845 2768 haberi
885 2720 946 2767 ad
988 2720 1245 2768 ferendum
1265 2720 1532 2784 judicium,
1573 2720 1653 2784 qui
1682 2720 1745 2767 ob
1772 2719 1820 2767 id
1847 2720 2034 2783 ipsum,

195 2800 323 2861 quod
352 2810 523 2852 contra
541 2804 624 2868 jus
652 2804 821 2867 fasque
851 2820 998 2868 agere
1027 2803 1335 2863 viderentur,
1377 2811 1551 2853 senatu
1580 2802 1944 2851 movebantur?

338 2885 438 2933 Nec
465 2887 595 2951 apud
626 2889 872 2935 Romanos
900 2895 1074 2935 senatu
1101 2889 1242 2936 motis
1265 2888 1641 2952 permittebatur
1659 2886 1898 2951 judicare.
1940 2885 2033 2935 Te-

196 2966 280 3012 stis
307 2966 448 3030 hujus
476 2969 542 3017 rei
582 2978 655 3017 est
683 2971 942 3018 Marcellus
984 2971 1203 3033 (Digest.
1231 2972 1348 3028 III.)
1389 2970 1581 3019 dicens:
1621 2970 1821 3018 Cassius
1849 2970 2032 3030 Longi-

195 3065 285 3095 nus
314 3066 410 3096 11011
440 3060 579 3114 putat
607 3053 646 3100 ei
677 3052 1088 3117 permittendum,
1130 3054 1209 3117 qui
1252 3061 1453 3118 propter
1480 3051 1834 3118 turpitudinem
1862 3060 2031 3101 senatu

194 3138 384 3186 motus,
425 3150 515 3180 nec
544 3136 794 3184 restitutus
824 3144 920 3195 est,
953 3135 1203 3200 judicare,
1242 3137 1355 3200 quia
1381 3136 1457 3184 lex
1486 3136 1621 3184 Julia.
1648 3135 2033 3200 repetundarum

196 3213 286 3261 hoc
314 3214 414 3261 fieri
445 3223 588 3263 vetat.

973 3287 1071 3339 Ad
1100 3288 1252 3340 826.

338 3379 604 3430 Continuat
630 3383 899 3432 Diodorus:
942 3385 1083 3433 Hanc
1122 3385 1284 3447 legem
1325 3402 1422 3433 non
1457 3383 1638 3432 idcirco
1665 3385 1932 3432 instituisse
1960 3384 2030 3430 vi-
