2114 3642
663 225 1072 258 COMMENTARIUS
1101 227 1168 257 AD
1199 223 1302 258 11611.
1333 223 1435 260 1161.
1858 214 1956 262 573

112 350 233 397 riam
261 350 405 398 alicui
434 352 682 409 fecerunt,
724 369 822 399 non
862 353 1020 399 minus
1062 353 1109 400 hi
1147 355 1227 416 qui
1255 355 1372 402 laesi
1402 372 1501 402 non
1529 362 1669 413 sunt,
1708 355 1954 403 ulciscun-

111 440 214 491 tur,
256 450 403 496 quam
429 434 460 480 ii
489 434 665 498 quibus
695 435 766 480 vis
797 443 868 481 est
895 433 1075 482 illata.“'

252 526 441 576 Plato
482 528 624 592 Leg.
666 528 782 588 874,
825 527 892 576 C:
932 528 981 577 Si
1010 530 1117 593 quis
1152 531 1398 593 ingenuae
1440 531 1629 580 mulieri
1672 532 1770 579 vim
1810 533 1953 581 affert

110 610 189 657 vel
226 627 380 674 puero
415 612 483 658 rei
512 627 749 658 venereae
778 627 952 669 causa,
993 613 1195 676 impune
1224 629 1337 660 eum
1363 622 1520 662 morte
1548 614 1800 663 afficiunto
1829 623 1876 664 et
1904 616 1951 662 vi

107 690 316 741 violatus
356 700 403 741 et
441 701 582 757 pater
616 694 695 740 vel
723 694 875 742 frater
904 695 982 742 vel
1009 694 1122 753 filii,
1163 703 1209 742 et
1237 695 1275 743 si
1302 697 1377 743 vir
1404 713 1605 744 uxorem
1630 698 1821 746 invenit
1849 699 1951 745 vim

107 775 398 837 patientem,
441 777 479 824 si
508 775 739 825 occiderit
765 776 1084 836 inferentem,
1126 795 1277 843 purus
1306 785 1408 826 esto
1435 779 1558 842 lege.

878 940 976 992 Ad
1009 941 1184 993 1160.

249 1048 391 1096 Plato
419 1048 540 1096 haec
570 1049 860 1114 praescribit
886 1050 934 1097 in
964 1048 1181 1114 Legibus
1224 1050 1368 1110 (881,
1398 1050 1608 1110 B—-E):
1648 1053 1728 1116 qui
1757 1061 1949 1118 patrem

104 1131 182 1179 vel
221 1139 426 1180 matrem
466 1133 544 1180 vel
584 1132 756 1181 horum
798 1141 963 1198 patres
1002 1141 1244 1181 matresve
1286 1133 1548 1182 verberare
1589 1153 1735 1183 ausus
1776 1137 1947 1195 fuerit,

105 1214 458 1263 condemnatus
485 1216 534 1262 in
563 1224 855 1280 perpetuum
896 1216 1144 1278 relegator
1185 1234 1242 1264 ex
1279 1216 1397 1263 urbe
1440 1217 1487 1264 111
1523 1217 1760 1281 reliquam
1789 1220 1945 1282 regio-

105 1315 217 1345 nem
270 1305 316 1345 et
356 1300 582 1347 omnibus
633 1301 785 1347 sacris
836 1307 1053 1348 arcetor:
1101 1301 1254 1348 arceri
1310 1309 1615 1349 recusantem
1668 1303 1946 1365 castigante

105 1397 335 1443 agrorum
375 1383 595 1446 magistri
653 1382 935 1430 verberibus
974 1390 1022 1429 et
1061 1382 1437 1447 quibuscunque
1481 1384 1724 1432 voluerint
1764 1385 1945 1441 modis,

105 1481 330 1513 reversus
358 1483 475 1512 vero
504 1473 656 1513 morte
692 1466 902 1530 punitor.
958 1466 1007 1514 Si
1049 1466 1156 1530 quis
1197 1474 1360 1514 autem
1401 1468 1644 1526 omnium,
1687 1468 1766 1531 qui
1806 1468 1945 1516 liberi

103 1555 241 1607 sunt,
283 1566 394 1596 cum
434 1550 517 1596 tali
553 1567 648 1596 una
675 1548 774 1595 edit
805 1549 879 1596 vel
908 1549 1031 1597 bibit
1060 1548 1135 1596 vel
1163 1549 1438 1615 hujusmodi
1468 1551 1651 1614 aliquid
1681 1568 1941 1599 commune

103 1630 296 1689 habuit,
337 1632 414 1680 vel
443 1633 590 1680 etiam
620 1633 745 1680 forte
774 1639 960 1680 tantum
991 1647 1254 1680 occurrens
1294 1633 1472 1680 alicubi
1511 1651 1595 1682 sua
1625 1641 1800 1699 sponte
1829 1651 1943 1681 con-

101 1714 271 1777 tingit,
311 1732 468 1779 neque
508 1716 743 1780 templum
784 1716 933 1763 intret
960 1717 1138 1774 ullum,
1182 1733 1340 1779 neque
1371 1717 1556 1776 forum,
1585 1735 1745 1780 neque
1773 1717 1943 1764 urbem

102 1798 386 1862 priusquam
413 1815 463 1846 se
492 1798 789 1863 purgaverit.

883 1913 981 1966 Ad
1006 1916 1168 1968 1161.

242 2023 520 2072 Secundum
550 2024 768 2072 Platonis
797 2024 957 2086 Leges
987 2025 1132 2084 (932,
1162 2025 1368 2083 A—D),
1397 2026 1435 2072 si
1464 2025 1569 2089 quis
1597 2032 1828 2089 parentes
1859 2045 1940 2075 ne-

99 2107 368 2170 gligentius
395 2106 567 2164 habet,
596 2123 741 2170 quam
770 2123 856 2170 par
884 2114 981 2165 est,
1010 2108 1076 2166 is,
1106 2108 1187 2170 qui
1219 2107 1314 2154 tale
1342 2107 1457 2171 quid
1486 2108 1696 2172 patitur,
1732 2109 1811 2156 vel
1840 2111 1941 2174 ipse

101 2189 177 2237 vel
205 2190 415 2253 aliquem
445 2191 642 2238 mittens
682 2190 870 2238 deserto
911 2189 971 2238 ad
1012 2191 1177 2254 legum
1218 2190 1472 2248 custodes,
1514 2191 1560 2238 hi
1590 2209 1705 2239 vero
1734 2203 1940 2240 curanto

99 2274 192 2333 ita,
235 2284 285 2322 ut
311 2273 537 2338 injuriam
573 2274 833 2329 facientes,
875 2275 912 2319 si
954 2273 1114 2321 adhuc
1145 2275 1357 2338 juvenes
1397 2281 1535 2327 sunt,
1577 2274 1865 2323 verberibus
1893 2283 1940 2323 et

101 2356 308 2404 vinculis
337 2358 602 2419 castigent3
641 2357 678 2404 si
720 2364 882 2404 autem
922 2356 1126 2419 triginta
1166 2374 1319 2405 annos
1356 2357 1539 2419 egressi
1568 2356 1820 2421 negligere
1849 2376 1934 2422 pa-

99 2446 262 2487 rentes
288 2457 388 2486 non
414 2439 679 2499 desistunt,
720 2438 781 2486 ad
813 2438 1053 2503 judicium
1093 2457 1175 2487 eos
1215 2439 1525 2497 adducunt0;
1564 2440 1603 2487 si
1639 2440 1746 2504 quis
1772 2449 1936 2489 autem

98 2521 452 2570 condemnatus
479 2529 575 2579 est,
617 2522 870 2570 aestimato
897 2521 1163 2586 judicium,
1205 2522 1319 2586 quid
1348 2521 1558 2587 pendere
1586 2540 1696 2571 eum
1724 2524 1801 2571 vel
1829 2525 1930 2588 pati

99 2612 338 2668 oporteat.
390 2603 438 2652 Si
480 2605 587 2668 quis
627 2612 814 2663 autem,
857 2605 936 2668 qui
972 2605 1096 2654 male
1125 2604 1358 2666 habetur,
1399 2605 1631 2654 indicium
1658 2607 1819 2655 facere
1853 2624 1935 2654 ne-

97 2688 225 2751 quit,
266 2687 332 2748 is,
374 2687 454 2751 qui
482 2688 735 2736 resciverit
763 2705 821 2736 ex
863 2688 1117 2750 ingenuis,
1158 2687 1344 2737 deserto
1372 2688 1434 2736 ad
1470 2688 1810 2752 magistratus,
1851 2699 1937 2739 aut

97 2771 255 2818 malus
297 2777 398 2818 esto
440 2777 487 2818 et
514 2769 677 2817 damni
706 2788 734 2819 a
762 2769 1008 2834 quolibet,
1048 2771 1129 2833 qui
1170 2771 1325 2829 volet,
1367 2771 1655 2836 postulator.
1722 2771 1773 2820 Si
1813 2790 1934 2821 vero

95 2870 264 2902 servus
292 2852 605 2913 indicaverit,
634 2853 757 2902 liber
785 2860 902 2913 esto,
930 2863 976 2901 et
1002 2854 1041 2902 si
1069 2871 1237 2902 servus
1264 2852 1459 2918 quidem
1487 2870 1668 2914 eorum,
1696 2855 1778 2918 qui
1807 2856 1934 2904 male

96 2935 281 2984 habent
307 2936 384 2983 vel
413 2935 680 2996 habentur,
722 2954 749 2984 a
777 2937 1066 3001 magistratu
1100 2937 1478 2994 manumittitor,
1520 2938 1595 2985 sin
1622 2937 1744 2986 alius
1771 2939 1931 3004 cujus-

96 3019 226 3083 piam
268 3018 472 3078 civitlm,
516 3018 714 3082 publice
753 3020 958 3082 pretium
1000 3037 1087 3085 pro
1127 3037 1183 3067 eo
1223 3019 1403 3068 solvito
1444 3020 1741 3085 possessori3
1779 3009 1931 3084 magi-

94 3108 273 3150 stratus
300 3109 463 3150 autem
501 3118 699 3165 operam
741 3102 918 3163 danto,
959 3120 1017 3151 ne
1045 3103 1152 3166 quis
1178 3102 1325 3150 talem
1356 3101 1595 3152 ulciscens
1622 3103 1801 3168 injuria
1828 3105 1932 3152 affi-

95 3183 191 3231 ciat
218 3185 281 3232 ob
310 3184 558 3233 indicium.
