2114 3642
219 160 317 207 266
938 171 1018 202 ωε
1045 167 1321 201 PUBLICUM,

1051 295 1200 342 1055.

356 385 436 434 Sic
461 385 757 433 mulctentur
789 387 837 428 et
864 379 1158 445 puniantur,
1198 377 1278 442 qui
1318 377 1541 443 accipere
1581 393 1788 426 munera
1825 377 1916 426 visi
1943 376 2043 426 fue-

216 470 336 528 rint,
367 476 419 517 ut
445 469 588 516 etiam
615 467 663 513 in
692 464 802 529 pilis
831 462 1213 528 proscribantur.

1051 571 1200 619 1056.

349 652 534 703 ‘Onon
560 673 631 708 τις
659 654 832 700 αἰτίαν
860 653 968 714 ἔχοι
1008 650 1111 700 τῶν
1148 653 1552 714 πολιτευομένων
1581 648 1713 713 δῶρα
1743 650 1948 712 λαβεῖν,
1987 647 2046 697 τὸ

217 742 439 807 ἔγκλημα
468 735 523 785 τὸ
552 741 665 784 κατ’
694 734 858 784 αὐτοῦ
890 734 1041 797 διχῶς
1068 738 1288 802 λέγεται,
1330 732 1617 798 δωροδοκία
1656 753 1707 781 τε
1746 736 1834 780 καὶ
1876 730 2047 796 δώρων

215 820 1424 890 γραφι,(Ηει1ῬοΟΙ“ἷιῖἱΟ
1441 838 1451 867 :
1492 816 1664 882 δώρων
1691 814 1904 884 γραφή.)

1063 916 1213 964 1056.

355 1001 404 1050 Si
432 1001 538 1066 quis
567 1001 710 1049 exiis
749 999 830 1064 qui
869 1000 920 1047 in
962 998 1379 1047 administratione
1421 997 1720 1063 reipublicae
1760 1007 2047 1056 versantur,

214 1093 467 1151 captorum
507 1101 763 1133 munerum
801 1083 1110 1131 insimulatus
1138 1082 1309 1142 fuerit,
1350 1082 1476 1130 actio
1503 1088 1676 1128 contra
1702 1096 1813 1128 eum
1839 1080 2047 1128 institui-

214 1177 315 1231 tur,
357 1185 480 1233 quae
510 1166 692 1231 duplici
720 1167 915 1214 nomine
943 1166 1247 1231 appellatur,
1289 1164 1391 1212 sive
1437 1181 1504 1212 co
1524 1163 1895 1228 rruptionis
1936 1181 1968 1229 p
1986 1180 2048 1211 er

215 1252 404 1312 dona,
447 1250 547 1298 sive
588 1250 925 1298 accusatio
965 1248 1291 1297 donorum.

1061 1359 1210 1407 1057.

366 1439 872 1508 Ψευδεγγραφή,
914 1436 1079 1505 ὄνομα
1133 1440 1275 1499 δίκης
1313 1443 1476 1497 ἐστίν,
1524 1434 1585 1498 ἣν
1623 1440 1838 1487 εἰσίασιν
1878 1439 1925 1485 οἱ
1963 1456 2049 1505 γε-

218 1529 493 1593 γραμμένοι
524 1523 750 1586 ὀφείλειν
778 1524 845 1589 τῷ
876 1524 1129 1589 δημοσίῳ,
1171 1520 1235 1580 ὦς
1273 1526 1736 1589 καταψευσαμέιόυ
1764 1519 1926 1570 αὐτοῦ
1954 1520 2046 1569 τοῦ

216 1609 567 1676 ἐγγράψαντος
606 1613 661 1657 ἐν
698 1608 759 1670 τῇ
798 1607 966 1656 σανίδι
1006 1607 1064 1670 τῇ
1106 1606 1237 1673 παρὰ
1266 1608 1325 1670 τῇ
1355 1607 1460 1672 θεῷ
1488 1611 1724 1670 κειμένῃ,
1765 1600 1830 1660 ὦς
1858 1602 2049 1660 ἀδίκως

217 1697 543 1760 ἐγγραφέντες
571 1689 797 1753 ὀφείλειν
824 1691 893 1755 τῷ
924 1691 1162 1755 δημοσίῳ.
1510 1692 1905 1758 (Harpocratio.)

1062 1800 1212 1849 1057.

358 1886 505 1934 Falsa
541 1884 794 1950 inscriptio
833 1901 1013 1933 nomen
1054 1892 1127 1932 est
1165 1883 1396 1944 actionis,
1449 1900 1597 1948 quam
1636 1883 1896 1931 instituunt
1939 1883 2048 1947 qui,

218 1987 366 2035 quum
405 1970 531 2017 inter
571 1969 741 2017 aerarii
782 1968 1029 2017 debitores
1070 1968 1292 2033 inscripti
1334 1967 1458 2027 sint,
1512 1966 1754 2015 mendacii
1795 1967 2051 2032 postulant

219 2071 327 2101 eum
367 2053 449 2116 qui
487 2052 620 2118 ipsos
659 2053 708 2101 in
747 2053 915 2101 tabula
954 2052 1014 2101 ad
1047 2052 1288 2117 templum
1314 2051 1433 2099 deae
1463 2050 1677 2115 reposita
1703 2050 2047 2114 inscripserat,

218 2136 346 2200 quod
375 2137 560 2184 scilicet
586 2136 764 2201 injuste
791 2136 916 2184 inter
944 2135 1189 2184 debitores
1219 2135 1393 2183 aerarii
1421 2134 1559 2182 relati
1588 2133 1782 2182 fuerint.

1062 2244 1212 2290 1058.

364 2327 423 2373 Οἱ
464 2324 508 2372 δ’
554 2320 757 2380 ἁλόντες
808 2324 888 2383 τῆς
947 2322 1355 2391 ψευδεγγραιρῆς,
1408 2320 1557 2371 αὐτοὶ
1610 2320 2048 2389 ἀντεγγράφονῑαι

221 2406 447 2469 ὀφείλειν
477 2408 542 2472 τῷ
572 2408 806 2472 διμιοσιίμ,
1239 2409 1428 2468 (Lexio.
1460 2407 1658 2472 Seguer.
1688 2427 1733 2473 p.
1763 2408 1908 2467 317.)

1059 2480 1205 2529 1058.

362 2555 455 2614 Qui
495 2570 609 2602 vero
652 2553 804 2602 falsae
844 2552 1174 2617 inscriptionis
1204 2552 1415 2600 convicti
1445 2552 1653 2610 fuerint,
1693 2552 1785 2616 ipsi
1814 2552 1862 2599 in
1890 2552 2050 2601 locum

223 2639 422 2686 aliorum
450 2637 782 2685 insci-ilmntur
808 2654 903 2701 qua
929 2635 1176 2683 debitores
1203 2635 1389 2683 aerarii.

1066 2744 1212 2791 1059.

370 2824 500 2881 Ἰἰιύς
528 2822 711 2873 οὐσίαν
755 2822 1155 2892 ἀπογράψαντας
1181 2823 1283 2872 τῶν
1311 2823 1532 2875 πολιτῶν
1557 2842 1693 2878 τινας
1721 2817 1785 2877 ὦς
1812 2822 1881 2888 τῷ
1910 2822 2049 2887 δήμῳ

227 2908 610 2969 προσήκουσαν,
652 2912 698 2957 εἰ
722 2909 1172 2971 συκοφαντοῦντες
1200 2903 1404 2965 ἁλοῖεν,
1438 2910 1629 2969 χιλίαις
1658 2907 1880 2970 ζιλιιιοῶν.

1315 2993 1518 3053 (ςὸιιίιίῑιε
1538 3012 1546 3040 :
1576 2988 1907 3053 ἁμφιορκία.)

1059 3066 1206 3114 1059.

367 3148 460 3207 Qui
499 3149 673 3198 civium
713 3150 844 3198 bona
884 3157 935 3197 ut
974 3149 1033 3197 ad
1063 3147 1300 3214 populum
1327 3147 1624 3213 pertinentia
1651 3145 1875 3211 publicas
1903 3138 1957 3194 in
1981 3155 2047 3195 ta-

226 3233 364 3282 bulas
405 3230 681 3279 retulerint.
737 3236 773 3281 si
815 3234 1086 3282 calumniae
1126 3233 1333 3279 convicti
1375 3231 1578 3286 fuerint,
1632 3229 1762 3277 mille
1807 3230 2048 3278 drachmis

227 3318 532 3366 mulctentur.
