2114 3642
129 223 230 272 596
726 233 1129 269 COMMENTARIUS
1161 234 1224 263 ,11)
1255 227 1358 265 1315.

127 368 295 429 νέψιοι
325 364 673 427 διαφέρουσιν·
718 359 924 423 ἀνεψιοὶ
960 358 1057 421 μὲν
1095 355 1189 423 γάρ
1217 359 1346 405 εἰσιν
1375 358 1421 405 οἱ
1448 355 1550 404 τῶν
1577 354 1819 419 ἀδελφῶν
1845 364 1963 405 παῖ-

128 447 233 506 δες,
273 452 529 511 ἐξανέψιοι
561 447 608 493 δὲ
639 448 682 492 οἱ
712 444 814 492 τῶν
843 440 1074 505 ἀνεψιῶν
1101 439 1286 496 παῖδες.
1327 438 1603 505 (Ἀνεψιοὶ
1632 451 1680 491 et
1707 445 1960 505 ἕξανέψιοι

127 534 385 594 differunt3
424 532 491 580 illi
533 523 659 578 enim
701 535 816 577 sunt
855 528 1056 576 fratrum
1094 526 1259 587 liberi,
1299 527 1348 574 hi
1375 534 1536 575 autem
1563 526 1765 576 fratrum
1790 525 1962 575 libero-

127 635 234 667 rum
261 616 440 674 liberi.)

267 710 504 761 Sobrinus
533 716 619 767 est,
649 715 702 755 ut
728 707 795 755 ait
824 705 995 756 Gallus
1012 704 1193 766 Aelius,
1222 705 1376 770 patris
1401 705 1496 754 mei
1525 704 1809 755 consobrini
1837 705 1964 754 filius

126 804 173 844 et
199 794 366 843 matris
392 808 530 840 meae
558 790 884 839 consobrinae
914 788 1055 837 filius.
1084 788 1291 837 Femina
1316 789 1490 837 iisdem
1519 789 1578 837 de
1606 789 1763 838 causis
1790 789 1962 854 appel-

125 878 192 926 lat
230 877 429 925 fratrem
455 882 504 923 et
529 874 728 923 fratrem
768 872 1043 938 patruelem
1083 879 1130 920 et
1168 871 1517 921 consobrinum
1554 880 1603 920 et
1639 872 1845 938 propius
1887 890 1962 921 so-

124 960 264 1008 brino
293 966 342 1008 et
368 958 732 1007 consobrinum.
761 955 916 1006 Iidem
943 954 1123 1019 gradus
1150 955 1201 1003 in
1228 956 1425 1005 sobrina
1451 972 1643 1020 quoque
1672 963 1798 1005 sunt.
1829 956 1896 1016 (F
1913 972 1960 1004 e-

122 1051 263 1091 stus
301 1060 338 1090 s.
370 1060 413 1090 v.
456 1040 827 1098 Sobrinus.)

266 1138 335 1200 „L
376 1138 530 1186 Linea
555 1135 705 1199 igitur
732 1142 865 1184 recta
893 1130 1056 1196 (κατὰ
1083 1131 1281 1196 βάθος)

265 1222 322 1281 1)
362 1219 573 1280 oriundi,
603 1237 631 1268 a
659 1219 894 1268 defuncto
921 1219 1079 1283 primo
1105 1217 1266 1282 gradu
1296 1218 1422 1266 filius
1451 1224 1498 1266 et
1524 1217 1639 1278 filia,
1666 1217 1717 1265 in
1743 1217 1962 1266 secundo

121 1322 275 1369 nepos
303 1312 350 1352 et
375 1304 540 1369 neptis
568 1298 796 1363 (υὶδοῦς,
838 1297 976 1360 υἱδὴ)
1005 1300 1244 1350 dicuntur.

264 1387 324 1448 2)
363 1387 439 1436 Ex
466 1387 620 1435 altera
646 1392 813 1451 parte,
853 1403 882 1433 a
924 1385 1100 1449 quibus
1135 1384 1241 1449 ipse
1283 1400 1442 1448 genus
1483 1382 1639 1444 ducit,
1680 1384 1825 1449 primi
1851 1401 1961 1449 gra-

120 1471 236 1532 dus⁷
278 1477 420 1536 pater
446 1476 494 1518 et
520 1476 701 1529 mater,
743 1467 945 1516 secundi
971 1485 1094 1516 avus
1123 1477 1170 1516 et
1195 1467 1307 1515 avia
1332 1466 1659 1532 appellantur.

262 1554 323 1604 ΙΙ.
366 1552 519 1600 Linea
558 1551 735 1599 deinde
778 1559 1059 1604 transversa
1099 1545 1258 1610 (κατὰ
1295 1545 1507 1609 πλάτος)
1547 1558 1785 1614 cognatos
1812 1567 1960 1598 sensu

120 1637 348 1703 proprio,
390 1635 482 1683 hoc
510 1644 607 1694 est,
650 1634 730 1699 qui
758 1634 1002 1682 communi
1044 1650 1154 1681 cum
1195 1632 1429 1682 defuncto
1465 1633 1716 1697 gaudeant
1743 1633 1960 1697 origine,

119 1721 352 1769 continet.
380 1758 389 1767 .
419 1757 428 1767 .
460 1757 469 1766 .
497 1718 652 1781 Igitur

263 1806 318 1864 1)
357 1804 570 1870 primum
599 1802 659 1850 ab
688 1802 856 1851 eodem
898 1810 1036 1867 patre
1074 1801 1153 1848 vel
1189 1808 1343 1850 matre
1372 1817 1483 1849 cum
1509 1800 1740 1849 defuncto
1769 1798 1962 1849 oriundi

118 1895 230 1937 sunt
257 1888 433 1936 fratres
462 1896 509 1934 et
536 1903 754 1944 sorores,
785 1902 992 1949 quorum
1018 1884 1160 1933 liberi
1188 1879 1486 1942 ἀδελφιδοῖ,
1516 1880 1788 1943 ἀδελφιδαῖ
1815 1883 1959 1944 (Nef-

119 1972 226 2031 fen)
255 1971 497 2020 dicuntur.

262 2055 319 2113 2)
357 2053 551 2102 Deinde
579 2053 803 2111 veniunt,
834 2051 1010 2114 quibus
1037 2068 1159 2099 avus
1187 2051 1267 2099 vel
1295 2052 1407 2099 avia
1434 2068 1547 2100 cum
1573 2050 1802 2100 defuncto
1831 2066 1959 2098 com-

119 2138 306 2198 munis,
347 2137 429 2201 qui
456 2137 614 2201 primo
640 2134 798 2199 gradu
825 2142 1029 2199 patruus
1059 2142 1106 2182 et
1133 2135 1431 2194 avunculus,
1473 2135 1620 2183 amita
1645 2135 1760 2183 item
1788 2140 1834 2182 et
1859 2150 1959 2181 ma-

118 2228 323 2280 tertera,
365 2219 610 2268 communi
650 2235 766 2266 vero
806 2216 937 2282 apud
966 2218 1171 2267 seriores
1199 2219 1398 2266 nomine
1430 2220 1598 2273 θεῖος,
1644 2217 1762 2263 θεία
1789 2217 1959 2282 appel-

117 2305 294 2352 lantur.
347 2303 443 2363 Qui
482 2303 552 2350 uti
590 2302 684 2367 ipsi
723 2299 894 2349 eodem
936 2301 1244 2363 cognationis
1285 2308 1481 2349 mutuae
1523 2317 1705 2363 genere
1734 2318 1846 2349 cum
1873 2316 1957 2364 pa-

118 2395 253 2436 rente
283 2385 503 2435 defuncti
530 2391 753 2445 utuntur,
794 2384 862 2432 ita
899 2383 1039 2432 liberi
1081 2403 1248 2434 eorum
1289 2393 1337 2434 et
1376 2386 1453 2433 hic
1492 2385 1597 2451 ipse
1626 2384 1716 2433 sibi
1743 2384 1953 2432 invicem

119 2479 231 2518 sunt
256 2469 534 2519 consobrini
561 2464 796 2531 (ἀνεψιοί
814 2503 825 2523 ,
868 2463 1106 2529 ἀνεψιαί,
1149 2486 1173 2516 0
1190 2487 1263 2517 011
1280 2469 1378 2516 3111
1395 2487 1415 2516 3
1457 2485 1490 2532 g
1507 2485 1530 2516 e
1549 2467 1814 2527 rmainS‚
1855 2466 1952 2516 Ge-

119 2553 588 2612 scluvisterkinder).
641 2551 845 2601 Oriundi
884 2570 1002 2600 vero
1042 2560 1152 2601 sunt
1191 2560 1274 2601 aut
1313 2570 1342 2600 a
1368 2552 1598 2601 fratribus
1639 2552 1729 2612 (ἐκ
1763 2566 1955 2611 πατρα-

122 2636 345 2696 δέλφων,
386 2637 562 2686 fratres
603 2636 915 2701 patrueles).
964 2643 1047 2682 aut
1084 2652 1111 2682 a
1151 2635 1399 2684 sororibus
1440 2637 1537 2695 (ἐκ
1570 2630 1954 2695 μητραδέλφων,

121 2722 399 2769 consobrini
426 2720 621 2787 proprio
649 2720 835 2778 sensu),
878 2726 1013 2766 auta
1042 2719 1193 2767 fratre
1222 2727 1270 2767 et
1297 2738 1462 2768 sorore
1491 2718 1746 2779 (amitini).

262 2804 432 2853 Potest
469 2821 585 2852 vero
625 2802 932 2852 consobrinis
973 2802 1188 2851 defuncti
1229 2820 1334 2852 esse
1376 2803 1502 2852 filius
1542 2803 1622 2851 vel
1655 2802 1766 2850 filia.
1819 2800 1954 2849 Talis

122 2884 396 2950 appellatur
424 2882 653 2949 ἀνεψιῶν
681 2890 807 2939 παῖς.
1372 2944 1375 2945 ⁷

263 2968 319 3023 3)
360 2970 526 3019 Tertio
559 2972 661 3035 jam
702 2971 808 3018 loco
848 2969 928 3033 qui
969 2968 1140 3017 eodem
1183 2986 1369 3034 proavo
1406 2969 1481 3017 vel
1509 2969 1714 3034 proavia
1740 2974 1952 3025 utuntur,

122 3052 374 3099 sobrini
412 3054 621 3101 invicem
662 3071 690 3102 a
728 3053 919 3101 Latinis
959 3053 1286 3118 appellantur.
1341 3053 1492 3102 Vides
1533 3069 1612 3101 eos
1646 3052 1754 3116 ipsa
1779 3057 1954 3099 natura

122 3152 267 3198 quam
294 3136 501 3183 maxime
543 3153 647 3184 esse
688 3136 908 3185 diversos
946 3137 1004 3183 ab
1035 3130 1264 3195 ἀνεψιῶν
1294 3136 1461 3191 παισί,
1504 3136 1606 3184 sive
1634 3134 1951 3183 consobrino·
1981 3143 1985 3147 '

123 3235 227 3264 rum
254 3217 443 3265 liberis:
484 3218 556 3264 liis
585 3219 844 3267 defunctus
885 3227 957 3267 est
996 3219 1197 3283 propius
1237 3220 1436 3267 sobrino
1479 3218 1659 3278 (Oncle
1688 3220 1711 3263 ἐι
1738 3218 1785 3265 la
1810 3216 1951 3264 mode

123 3296 178 3343 de
220 3300 520 3363 Bietagne),
567 3299 631 3346 illi
673 3302 880 3348 invicem
920 3300 1088 3349 eadem
1130 3300 1353 3349 fruuntur
1393 3300 1700 3365 cognationis
1751 3299 1950 3347 ratione.

123 3380 241 3439 Quis
269 3382 416 3443 igitur
443 3381 627 3429 (lubin-t
656 3385 782 3432 aliud
814 3385 860 3432 111
890 3385 1052 3448 lingua
1084 3383 1272 3432 Graes-a
1316 3384 1427 3432 111110
1467 3384 1638 3433 rationi
1667 3383 1947 3445 significan-
