2161 3673
442 246 804 280 MAGISTRATUS
830 246 1158 279 OECONOMIAE
1187 244 1449 279 PUBLICAE.
1795 226 1863 273 67

882 372 996 422 25¹7.

166 457 489 519 Κωλακρέται
513 491 526 511 ,
565 453 743 517 ταμίαι
783 452 889 501 τῶν
927 451 1209 502 πολιτικῶν
1237 448 1514 517 χρημάτων
1539 448 1752 498 καὶτοῦ
1783 448 1861 497 δι-

26 537 277 588 καστικοῦ
299 537 499 603 μισθοῦ
518 552 528 563 ·
567 533 628 585 οὐ
653 534 824 599 μόνον
851 534 900 583 δὲ
927 535 1117 584 τούτου
1143 534 1237 595 τὴν
1263 537 1545 599 ἐπιμέλειαν
1572 532 1860 590 ποιοῦνται,

27 619 154 671 ἀλλά
196 625 283 670 καὶ
324 617 386 668 τοὶ
428 622 497 676 εἰς
537 617 691 674 θεούς
718 616 1100 683 ἀναλισκόμενα
1127 617 1210 666 διὰ
1235 616 1433 668 τούτων
1459 615 1831 668 ἀναλίσκονται
1852 630 1862 641 ·

27 708 116 753 καὶ
143 702 442 770 προεστῶτες
467 701 554 762 τῆς
581 700 820 766 δημοσίας
848 700 1090 761 σιτήσεως.

709 786 896 848 (Schol.
923 788 974 836 in
1000 786 1316 853 Aristophan.
1345 786 1491 838 Aves.
1525 786 1717 847 1541.).

884 896 1001 945 257.

165 969 452 1019 Colacretae
479 976 593 1019 sunt
619 969 981 1034 dispensatores
1007 967 1314 1034 publicarum
1339 966 1657 1031 pecuniarum
1673 972 1720 1013 et
1734 980 1859 1013 mer-

26 1054 157 1105 cedis
176 1054 450 1120 judicialis;
489 1053 575 1102 sed
602 1070 696 1101 non
727 1051 872 1101 modo
899 1051 1045 1116 hujus
1072 1067 1237 1099 curam
1264 1049 1469 1109 habent,
1510 1066 1682 1097 verum
1711 1047 1861 1096 etiam

26 1154 148 1205 quae
198 1139 248 1187 in
299 1139 503 1187 deorum
541 1137 727 1185 cultum
768 1134 1148 1201 impenduntur,
1202 1133 1264 1181 ab
1304 1132 1377 1180 his
1419 1140 1664 1181 curantur.
1732 1130 1860 1180 Sunt

26 1223 174 1272 etiam
198 1220 433 1288 praefecti
458 1219 643 1286 publici
670 1220 827 1268 victus
857 1218 933 1278 (in
960 1217 1246 1282 prytaneo).

887 1325 1003 1373 258.

164 1407 467 1458 Ἀποδέκται
486 1445 498 1465 ,
553 1402 798 1470 ἄρχοντες
835 1407 1111 1470 κληρωτοὶ,
1166 1402 1287 1452 δέκα
1325 1400 1419 1451 τὸν
1457 1399 1688 1467 ἀριθμόν
1727 1399 1858 1449 κατά

28 1492 195 1558 φυλήν
220 1495 361 1543 εἰσιν.
845 1491 1075 1551 (Bekker
1101 1489 1287 1541 Anecd.
1315 1507 1387 1554 gr.
1415 1490 1452 1539 Ι.
1481 1507 1528 1555 p.
1559 1489 1719 1550 198.)

882 1600 997 1648 258.

167 1673 467 1742 Receptores
505 1680 620 1723 sunt
657 1672 971 1738 magistratus
1010 1678 1140 1721 sorte
1180 1669 1322 1730 lecti,
1362 1686 1567 1718 numero
1599 1668 1795 1729 decem,
1838 1685 1862 1716 e

28 1759 246 1826 qualibet
270 1758 403 1808 tribu
426 1774 565 1807 unus,
886 1829 989 1876 259

172 1913 233 1961 Οἱ
271 1908 302 1959 ἀ
318 1932 352 1959 π
366 1931 392 1960 ο
409 1909 439 1959 δ
453 1913 474 1959 έ
486 1931 522 1958 κ
536 1931 563 1959 τ
579 1929 609 1958 α
625 1930 640 1957 ι
680 1908 1057 1974 παραλαβόντες
1082 1904 1144 1955 τοὶ
1172 1912 1488 1974 γραμματεῖα
1516 1902 1859 1966 ἀπαλείφουσι

27 1993 91 2044 τὰ
115 1993 540 2059 καταβαλλόμενα
571 1991 809 2058 χρήματα
846 1991 929 2051 τῆς
967 1990 1154 2056 βουλῆς
1192 1992 1432 2039 ἐναντίον
1463 1993 1518 2037 ἐν
1543 1987 1614 2052 τῴ
1641 1990 1861 2052 βουλευ-

28 2082 179 2145 τηρίῳ
195 2117 208 2138 ,
247 2082 336 2127 καὶ
362 2077 515 2126 πάλιν
541 2074 872 2126 ἀποδιδόασιν
897 2074 960 2124 τά
987 2080 1303 2143 γραμματεῖα
1328 2072 1399 2137 τῷ
1428 2071 1666 2136 δημοσίῳ.

1317 2153 1717 2227 [Harpdcratio.)

881 2234 998 2283 259.

169 2306 450 2376 Apodectae
490 2307 705 2373 acceptis
744 2306 926 2356 tabulis
965 2305 1177 2372 publicis
1213 2305 1416 2354 nomina
1442 2303 1723 2353 debitorum
1748 2310 1861 2368 post

28 2393 266 2459 pecuniae
293 2392 588 2441 solutionem
612 2391 663 2439 in
689 2397 864 2439 senatu
889 2406 1056 2438 coram
1081 2389 1391 2438 senatoribus
1420 2387 1612 2446 delent,
1639 2385 1858 2434 tabulas-

28 2494 121 2542 que
148 2477 323 2526 iterum
351 2476 539 2524 aerario
566 2473 779 2524 tradunt.

889 2546 1004 2593 260.

172 2630 232 2678 Οἱ
259 2624 536 2677 ἀποδέκται
563 2625 625 2676 τοὶ
656 2625 1001 2690 ἀποδιδόμενα
1028 2624 1267 2692 χρήματα
1287 2625 1586 2689 μερίζουσιν
1612 2624 1681 2679 εἰς
1708 2617 1741 2670 ἂ
1759 2618 1859 2685 χρὴ

28 2710 339 2762 ἀναλίσκειν.
850 2712 1079 2774 (Bekker
1106 2712 1288 2764 Anecd.
1316 2729 1388 2775 gr.
1416 2711 1452 2760 Ι.
1480 2728 1527 2775 p.
1563 2709 1719 2769 1980.

883 2822 1002 2869 260.

168 2906 473 2972 Receptores
512 2904 814 2955 distribuunt
851 2906 1036 2954 reditus
1077 2903 1277 2969 publico
1317 2902 1502 2950 solutos
1527 2901 1580 2949 in
1609 2917 1692 2950 eos
1718 2917 1860 2961 usus,

26 2988 76 3038 in
102 3006 224 3056 quos
249 2988 472 3057 impendi
499 2987 694 3038 debent.
887 3060 983 3108 261

170 3143 230 3191 Οἱ
256 3138 534 3190 ἀποδέκται
559 3138 678 3197 τούς
702 3160 754 3189 τε
780 3139 970 3204 φόρους
1007 3141 1097 3186 καὶ
1136 3134 1222 3192 τάς
1261 3133 1499 3200 εἰσφορὰς
1538 3139 1628 3183 καὶ
1663 3133 1723 3182 τὰ
1751 3137 1860 3192 τέλη

29 3221 364 3288 ἀποδέχονται
390 3228 480 3272 καὶ
506 3222 568 3272 τοὶ
611 3227 717 3287 περὶ
755 3222 954 3272 τούτων
994 3218 1406 3285 ἀμφισβητήσιμα
1446 3217 1775 3277 δικάζουσιν,
1816 3219 1864 3265 εἰ

31 3306 84 3356 δέ
104 3328 150 3356 τι
171 3308 352 3372 μεῖζόν
377 3313 512 3358 ἐστιν
528 3346 539 3365 ,
581 3305 877 3374 εἰσάγουσιν
903 3308 971 3361 εἰς
996 3302 1053 3352 τὸ
1083 3300 1420 3367 δικαστήριον.

1194 3387 1399 3448 (Pollux
1425 3387 1563 3448 VIII,
1593 3387 1716 3445 97.)

1523 3468 1577 3509 5*
