2114 3642
165 238 268 286 410
765 245 1172 280 ςοΜΜΕΝΤΛΒωε
1197 244 1266 278 An
1294 243 1327 278 3.
1356 243 1389 278 4.

164 381 561 438 administratur,
596 391 908 426 communem
933 380 1095 423 autem
1124 373 1285 437 legem
1312 374 1618 422 constituunt
1643 390 1727 436 ea,
1757 392 2002 440 quaecun-

165 483 258 528 que
285 483 382 512 non
412 464 592 527 scripta
618 459 813 524 probari
843 458 1061 507 omnium
1088 457 1310 520 gentium
1342 474 1583 506 consensu
1611 457 1851 508 videntur.
1904 460 2002 509 Sed

163 548 309 612 paulo
337 554 448 612 post
477 545 582 604 (13,
613 544 670 601 2)
699 541 845 590 etiam
871 540 1123 607 propriam
1162 540 1325 603 legem
1364 539 1481 588 dicit
1515 556 1621 589 esse
1648 548 1733 589 aut
1758 558 1859 591 non
1887 543 2001 591 scri-

163 640 298 698 ptam
326 638 408 680 aut
441 630 620 694 scripto
660 625 1095 692 comprehensam,
1137 641 1452 673 communem
1490 630 1655 672 autem
1692 640 1831 687 eam,
1873 643 1999 690 quae

163 714 395 763 naturalis
423 713 511 773 sit;
551 727 657 759 esse
699 710 829 759 enim
870 724 1130 758 commune
1172 706 1418 772 quoddam
1436 706 1627 772 justum
1654 714 1829 757 natura
1855 716 1903 758 et
1929 709 2001 757 in-

153 800 363 864 justum,
403 794 534 860 quod
563 809 732 843 onmes
760 791 1126 857 quodammodo
1165 791 1522 851 vaticinentur,
1564 791 1754 840 etiamsi
1781 790 1915 841 nulla
1941 792 2001 842 de

161 899 217 930 eo
243 881 370 928 inter
395 878 501 927 illos
529 877 906 927 communicatio
934 884 1018 926 aut
1045 875 1209 941 pactio
1236 874 1580 924 intercesserit.

299 961 402 1010 Has
429 979 530 1010 non
557 961 764 1027 scriptas
791 962 929 1026 leges
956 959 1244 1010 Aristoteles
1285 959 1430 1007 etiam
1467 958 1518 1005 in
1552 958 1772 1007 moribus
1798 958 2003 1023 positas,

158 1040 291 1091 κατὰ
317 1039 379 1090 τοὶ
408 1043 503 1101 ἔθη
529 1051 676 1094 vocat
703 1044 919 1105 (Polit.
950 1044 1038 1104 III,
1072 1042 1150 1103 11,
1182 1042 1251 1104 6).
1298 1040 1454 1090 Simili
1482 1040 1630 1090 modo
1659 1039 2000 1091 Artemidorus

160 1128 228 1188 (O
241 1128 541 1177 nirocrit.
569 1128 657 1188 IV,
687 1127 772 1187 2):
813 1126 934 1181 ἔθος
963 1127 1064 1173 ἐστὶ
1093 1121 1250 1186 νόμος
1277 1117 1523 1190 ἄγραφος.

299 1210 581 1260 Secundum
619 1209 932 1260 Aristotelem
975 1208 1208 1270 (Ethic.
1249 1208 1486 1258 Nicom.
1515 1208 1581 1268 V,
1609 1207 1655 1269 7,
1687 1207 1743 1268 1)
1768 1208 1851 1274 jus
1880 1225 1999 1274 quo-

156 1312 248 1360 que
271 1293 411 1344 civile
440 1288 738 1354 (πολιτικὸν
765 1289 1003 1354 δίκαιον)
1031 1292 1165 1341 aliud
1193 1290 1415 1340 naturale
1443 1298 1518 1340 est
1545 1287 1842 1353 (φυσικόν),
1870 1291 2000 1341 aliud

155 1378 428 1441 legitimum
468 1373 762 1439 (νομικόν).
826 1377 1090 1437 Naturale,
1131 1372 1271 1442 [quod
1310 1374 1491 1440 ubique
1530 1376 1755 1439 gentium
1794 1374 1999 1425 eandem

156 1461 256 1509 vim
295 1459 506 1521 obtinet,
550 1478 649 1509 non
689 1459 820 1525 quod
858 1461 926 1508 ita
964 1461 1045 1509 vel
1085 1460 1339 1509 decretum
1379 1458 1441 1507 sit
1480 1458 1560 1507 vel
1599 1476 1700 1507 non
1735 1458 1999 1508 decretum.

156 1544 450 1608 Legitimum
476 1550 668 1604 autem,
707 1543 838 1609 quod
878 1543 940 1592 ab
980 1543 1120 1592 initio
1161 1542 1255 1591 hoc
1281 1559 1343 1591 an
1370 1542 1455 1590 illo
1482 1541 1631 1590 modo
1662 1543 1748 1592 fiat
1774 1541 1895 1592 nihil
1922 1559 1996 1592 re-

156 1629 276 1676 fert:
315 1645 465 1693 quum
491 1645 608 1676 vero
637 1627 960 1677 constitutum
988 1627 1158 1689 fuerit,
1199 1635 1318 1676 tunc
1346 1625 1543 1674 demum
1569 1625 1735 1675 refert.

298 1711 542 1761 Stobaeus
570 1729 711 1761 serm.
740 1711 833 1760 37:
875 1706 1031 1758 οὐδὲν
1059 1701 1211 1767 ἧττον
1237 1706 1340 1756 τῶν
1366 1706 1540 1771 νόμων
1565 1711 1656 1756 καὶ
1683 1704 1746 1756 τὰ
1773 1709 1869 1767 ἔθη
1895 1728 1999 1770 (pv-

155 1796 373 1842 λακτέον
410 1790 528 1860 τάγε
568 1788 728 1850 ὅντως
766 1790 949 1858 πάτρια
987 1796 1077 1841 καὶ
1117 1790 1250 1854 τάχα
1291 1811 1390 1840 που
1429 1789 1738 1857 πρεσβύτερα
1779 1791 1999 1841 καὶτῶν

160 1875 330 1941 νόμων
357 1873 543 1927 αὐτῶν.
595 1879 736 1939 (Non
764 1879 923 1927 minus
950 1878 1147 1944 legibus
1175 1878 1321 1926 etiam
1348 1894 1509 1926 mores
1537 1884 1650 1925 sunt
1677 1876 1997 1939 custodiendi,

157 1963 237 2026 qui
277 1979 393 2011 vere
431 1962 631 2027 quidem
668 1962 812 2027 patrii
853 1969 967 2010 sunt
1009 1968 1057 2010 et
1094 1961 1218 2010 forte
1259 1960 1472 2026 quodam
1510 1959 1656 2009 modo
1696 1961 1998 2026 antiquiores

154 2047 271 2112 ipsis
299 2062 493 2110 quoque
520 2045 754 2109 legibus.)

299 2128 492 2194 Syrian.
520 2130 570 2177 in
597 2130 900 2193 Hermogen.
930 2135 1041 2177 stat.
1070 2129 1161 2177 27:
1203 2127 1324 2182 ἔθος
1365 2123 1409 2173 δ’
1436 2128 1538 2175 ἐστὶ
1582 2123 1802 2189 νόμιμον
1835 2120 1997 2193 ἄγρα-

157 2229 289 2271 (sou,
326 2214 387 2259 ἐκ
427 2210 674 2278 συλλογῆς
714 2208 1085 2273 συνιστάμενον
1125 2207 1559 2277 παραδειγμάτων.
1616 2211 1751 2271 (Mos
1778 2211 1855 2260 vel
1882 2229 1995 2261 eon-

157 2296 363 2344 svetudo
402 2304 475 2346 est
503 2297 586 2362 jus
625 2314 724 2346 non
764 2297 1002 2363 seriptum
1029 2314 1053 2345 e
1089 2295 1380 2345 collectione
1421 2294 1760 2360 exemplorum
1796 2312 1994 2361 compo-

155 2380 343 2440 situm.)

297 2463 612 2513 Justinianus
639 2464 764 2513 l1bro
794 2466 830 2512 I.
868 2463 1269 2522 Institutionum,
1308 2461 1448 2511 titulo
1478 2463 1535 2510 2:
1577 2470 1804 2526 „constat
1832 2471 1996 2513 autem

148 2547 229 2610 jus
256 2554 503 2609 nostrum,
545 2566 639 2613 quo
668 2548 873 2609 utimur,
915 2555 1000 2596 aut
1038 2547 1221 2612 scripto
1263 2555 1346 2595 aut
1385 2547 1490 2595 sine
1530 2547 1742 2612 scripte,
1784 2555 1837 2597 ut
1862 2547 1993 2614 apud

159 2627 376 2679 Graecos
403 2627 507 2677 τῶν
533 2627 708 2692 νόμων
734 2630 780 2677 οἱ
803 2630 901 2693 μὲν
928 2630 1176 2696 ἔγγραφοι
1194 2665 1207 2686 ,
1249 2629 1295 2676 οἱ
1325 2627 1373 2676 δὲ
1402 2623 1643 2695 ἄγραφοι.

298 2714 554 2779 Lycurgus
580 2715 834 2765 interdixit
860 2715 1291 2776 Lacedaemoniis,
1331 2716 1525 2780 legibus
1553 2715 1749 2783 scriptis
1777 2715 1860 2764 uti.
1904 2710 1992 2772 Μὴ

150 2794 379 2855 χρῆσθαι
409 2794 580 2860 νόμοις
607 2796 891 2865 ἐγγράφοις.

299 2880 651 2939 (Plutarch.
692 2883 971 2948 Lycurg.
1017 2882 1121 2942 13.)

979 3021 1078 3074 Ad
1114 3022 1176 3075 4.

300 3140 577 3193 Secundum
618 3146 876 3195 Platonem
915 3146 1240 3209 (Gorgias
1286 3147 1402 3205 525,
1443 3148 1509 3207 Β)
1551 3147 1782 3194 convenit
1820 3157 1987 3209 quem'-

159 3240 275 3288 que,
314 3225 394 3288 qui
424 3226 483 3273 ab
512 3229 604 3276 alio
633 3237 762 3278 reete
790 3231 1015 3295 punitur,
1057 3231 1134 3277 vel
1174 3231 1334 3295 ipsum
1372 3231 1475 3278 ficri
1515 3231 1765 3279 meliorem
1808 3230 1986 3278 utilita-

158 3315 351 3370 temque
380 3309 628 3373 percipere
657 3313 735 3361 vel
763 3314 868 3362 aliis
896 3314 1122 3378 exemplo
1158 3330 1290 3373 esse,
1332 3321 1384 3361 ut
1410 3313 1488 3361 alii
1516 3329 1701 3378 poenas
1728 3332 1840 3363 eum
1866 3332 1984 3380 pen-

159 3390 356 3439 dentem
381 3392 763 3457 conspicientes,
804 3396 1028 3446 meliores
1057 3397 1120 3445 ob
1147 3396 1367 3446 timorem
1397 3396 1684 3446 efficiantur.
1729 3402 1736 3411 ⁸
