2114 3642
207 240 311 288 640
809 251 1217 287 COMMENTARIUS
1243 252 1314 284 AD
1343 250 1447 286 1559.

203 380 522 444 ἐπεκτανθῇ·
561 383 651 429 καὶ
692 374 826 427 οὕτω
865 374 1170 436 λυσιτελήσει
1209 380 1300 425 καὶ
1338 384 1443 434 τοῖς
1472 373 1798 442 ἀποβαλοῦσι
1824 377 2047 430 καὶτοῖς

205 465 382 526 ἔχουσι
408 461 470 512 τά
501 466 668 512 οἰκεῖα
695 459 965 528 πράγματα
1005 465 1145 528 (pag.
1179 463 1292 523 184,
1322 463 1444 522 61.).
1496 462 1554 511 Id
1583 469 1684 511 est:
1725 460 1947 511 Amissae
1975 477 2052 509 res

203 552 327 600 tanti
356 549 699 605 aestimantur,
741 546 909 611 quanti
953 552 1147 610 emptae
1183 544 1405 607 fuerant,
1446 546 1666 594 salvatae
1694 562 1839 607 vero,
1880 543 2052 610 quanti

205 632 352 683 vendi
378 637 600 698 possunt.
656 629 766 679 Hoc
792 630 874 690 fit,
913 636 967 678 ut
993 629 1229 679 damnum
1253 629 1315 679 ad
1344 629 1592 680 modicum
1629 635 1940 689 coerceatur,
1982 627 2052 676 lu-

205 734 342 767 crum
370 732 487 764 vero
513 714 672 779 magis
699 714 1007 764 extendatur.
1062 712 1225 778 Atque
1259 714 1327 763 sic
1353 713 1575 780 proderit
1601 721 1649 762 et
1676 711 2056 779 projicientibus

206 808 254 849 et
279 816 390 848 suas
416 815 493 848 res
520 798 847 847 servantibus.

349 884 450 930 4-0.
489 881 556 927 Εἰ
584 882 682 943 μέν
721 883 823 928 ἐστι
865 877 1161 943 σωζόμενον
1201 876 1258 927 τὸ
1300 882 1486 927 πλοῖον
1524 883 1615 926 καὶ
1656 875 1760 927 οὐκ
1800 873 2057 935 ἀπώληται

205 961 305 1012 ἀπὸ
344 962 438 1012 τοῦ
476 961 760 1021 κινδύνου,
814 961 1127 1028 συνεισφορά
1168 965 1391 1031 γίνεται·
1443 958 1537 1010 ἐὰν
1587 960 1637 1010 δὲ
1690 959 1948 1020 ἀπώληται
1997 956 2057 1007 τὸ

206 1051 418 1105 πλοῖον,
459 1044 521 1094 οὐ
550 1049 747 1114 γίνεται
775 1044 1115 1111 συνεισφορὰ,
1157 1044 1267 1096 ἀλλ’
1308 1048 1412 1109 ἔχει
1441 1050 1653 1100 ἕκαστος
1680 1044 1731 1093 εἴ
1750 1065 1797 1093 τι
1826 1040 2057 1103 ἠδυνήθη

205 1129 361 1181 σῶσαι
388 1135 449 1181 ἐκ
477 1130 570 1179 τοῦ
601 1132 803 1179 οἰκείου
843 1128 1135 1199 πράγματος
1175 1136 1317 1198 (pag.
1348 1132 1464 1193 185,
1506 1132 1616 1192 63).
1668 1130 1725 1181 Id
1753 1138 1850 1180 est:
1891 1129 1944 1178 Si
1971 1145 2057 1177 na-

206 1219 279 1267 vis
304 1225 526 1267 servatur
552 1225 600 1265 et
626 1235 728 1266 non
756 1216 936 1282 perivit
963 1216 1013 1264 in
1041 1215 1286 1282 periculo,
1331 1217 1385 1264 fit
1410 1215 1695 1278 intributio;
1735 1215 1773 1263 si
1803 1231 1921 1263 vero
1948 1229 2058 1278 per·

204 1301 293 1351 ivit
318 1301 487 1362 navis,
529 1317 629 1349 non
671 1302 724 1348 fit
762 1300 1088 1361 contributiO,
1129 1299 1213 1348 sed
1247 1299 1471 1363 singulus
1517 1299 1692 1361 habet,
1737 1297 1873 1363 quod
1913 1314 1938 1346 e
1973 1314 2062 1346 sua

207 1403 259 1435 re
288 1385 482 1434 salvare
510 1384 682 1450 potuit.
1927 1376 1929 1378 “

354 1472 454 1517 5-0.
495 1463 591 1514 Διά
621 1463 712 1524 τὴν
739 1464 830 1513 τοῦ
860 1467 1044 1513 πλοίου
1084 1466 1336 1531 σωτηρίαν
1373 1466 1652 1528 τμηθέντος
1683 1457 1845 1530 ἤγουν
1871 1464 2061 1511 κοπέν-

211 1571 295 1607 τος
333 1549 427 1598 τοῦ
468 1547 643 1607 ἱστοῦ,
698 1546 1009 1613 συνεισφοροὶ
1062 1548 1164 1597 τῶν
1203 1552 1258 1597 ἐν
1296 1547 1368 1613 τῷ
1419 1548 1583 1612 πλοίῳ
1623 1545 1830 1612 φόρτων
1865 1549 2061 1614 γίνεται

210 1640 350 1704 (pag.
381 1635 497 1698 185,
527 1636 651 1696 64.)
703 1634 761 1686 Id
791 1642 888 1684 est:
929 1634 1130 1684 Succiso
1172 1635 1273 1683 sive
1313 1640 1534 1683 resecato
1570 1633 1632 1683 ad
1661 1632 1950 1683 salvandam
1975 1649 2061 1699 na-

213 1738 323 1770 vem
349 1719 480 1769 malo
509 1719 563 1767 fit
589 1718 889 1768 contributio
918 1718 978 1768 de
1005 1718 1278 1778 mercibus,
1323 1735 1449 1784 quae
1475 1718 1526 1766 in
1551 1734 1677 1767 nave
1707 1725 1832 1766 sunt.

354 1813 699 1879 „Graecorum
745 1814 882 1878 leges
923 1814 1116 1865 Atticae
1162 1814 1239 1862 vel
1279 1814 1552 1863 Laconicae
1593 1813 1706 1864 XII.
1754 1811 1935 1861 tabulis
1974 1827 2064 1877 per

213 1899 519 1950 decemviros
558 1898 812 1948 Romanos
851 1898 1152 1964 insculptae,
1199 1897 1455 1948 Romanae
1499 1897 1700 1947 omnino
1740 1896 1896 1945 factae
1936 1901 2064 1944 sunt.

213 1985 341 2035 Nam
391 1991 438 2032 et
489 1999 571 2032 eas
623 1999 648 2031 e
701 1980 910 2032 Graecia
969 1982 1181 2042 allataS,
1246 1990 1450 2046 rogatus
1502 1981 1719 2047 populus
1762 1981 1874 2046 jure
1925 1978 2067 2027 scivit

213 2074 267 2117 ut
318 2067 548 2133 deinceps
597 2066 852 2116 Romanae
903 2066 1080 2115 merito
1134 2064 1514 2131 appellarentur.
1593 2064 1692 2114 Sed
1742 2065 1822 2114 lex
1872 2062 2068 2113 Rhodia

215 2153 283 2202 sic
321 2153 373 2200 in
411 2149 668 2216 republica
706 2149 932 2200 Romana
968 2149 1179 2199 invaluit
1219 2156 1266 2198 et
1307 2148 1459 2198 veluti
1498 2149 1697 2198 civitate
1743 2147 1925 2198 donata
1965 2152 2065 2206 est,

215 2245 270 2286 ut
305 2244 473 2286 tamen
511 2232 699 2282 Romae
747 2233 908 2282 adhuc
953 2233 1218 2299 peregrina
1268 2233 1518 2283 videretur
1556 2240 1604 2282 et
1641 2233 1692 2280 in
1729 2231 2068 2281 Romanarum

214 2321 383 2384 legum
432 2317 627 2367 tabulas
677 2334 781 2367 non
835 2317 1031 2366 omnino
1087 2317 1245 2366 relata
1303 2324 1472 2377 esset,
1536 2316 1869 2380 retineretque
1922 2314 2068 2363 etiam

215 2402 516 2468 gentilitium
542 2419 685 2452 suum
719 2419 917 2452 nomen.
970 2401 1116 2451 Certe
1155 2402 1436 2452 Maecianus
1477 2400 1721 2461 ostendit,
1761 2398 2068 2450 Antoninum

217 2488 566 2553 imperatorem
617 2503 729 2535 suas
788 2487 921 2551 leges
977 2504 1005 2534 a
1053 2485 1164 2550 lege
1215 2485 1412 2536 Rhodia
1461 2485 1786 2545 discernere,
1842 2491 1891 2532 et
1939 2483 2068 2532 hanc

217 2571 287 2619 ita
321 2570 544 2629 demum,
585 2570 625 2617 si
663 2569 778 2618 illae
819 2585 918 2632 non
957 2569 1308 2631 adversentur,
1350 2569 1694 2635 comprobare.
1748 2568 1920 2631 Neque
1949 2582 2067 2614 vero

221 2654 445 2703 existimo
471 2661 727 2718 praetores
754 2653 895 2714 olim,
937 2670 1049 2703 cum
1089 2653 1251 2702 edicta
1289 2670 1379 2702 sua
1406 2652 1634 2715 ederent,
1674 2651 1802 2701 hanc
1828 2651 1991 2714 legem
2018 2650 2069 2697 in

223 2754 390 2785 eorum
416 2738 584 2786 album
611 2737 847 2785 retulisse.
899 2735 998 2785 Sed
1037 2737 1132 2785 alia
1171 2745 1335 2786 tamen
1370 2737 1558 2786 ratione
1587 2742 1636 2785 et
1662 2735 1742 2783 via
1768 2734 2069 2800 aequitatem

225 2826 272 2867 et
298 2837 438 2869 usum
464 2821 588 2884 legis
614 2818 832 2869 Rhodiae
861 2826 1110 2884 praetores
1135 2820 1347 2869 Romani
1374 2821 1424 2869 in
1450 2836 1593 2868 suum
1619 2819 1779 2869 forum
1806 2815 2067 2867 transtulen

224 2909 348 2950 runt.
399 2903 514 2952 Fuit
539 2904 661 2953 haec
687 2911 910 2952 veterum
936 2903 1272 2953 Romanorum
1299 2903 1567 2969 sapientia,
1609 2908 1662 2950 ut
1700 2900 1831 2967 quod
1864 2917 2069 2965 usquam

224 2984 472 3047 gentium,
508 2986 693 3035 bonum
718 2994 766 3035 et
791 3003 1002 3052 aequum
1031 2996 1077 3036 et
1096 2987 1283 3051 justum
1310 3003 1416 3035 esse
1444 2985 1804 3048 intelligerent,
1843 2983 2071 3033 lubenter

224 3066 541 3116 imitarentur.
595 3068 664 3118 Ut
689 3076 853 3119 autem
879 3070 930 3117 in
957 3087 1008 3118 re
1036 3070 1201 3118 navali
1227 3069 1533 3118 Rhodiorum
1560 3068 1871 3133 disciplinam
1896 3066 2069 3116 lubenn

227 3149 412 3198 tissime
441 3150 538 3198 sint
562 3152 761 3215 imitati,
790 3154 904 3203 fecit
931 3161 978 3202 et
1003 3152 1310 3210 Rhodiorum
1337 3152 1550 3202 amicitia
1576 3159 1625 3200 et
1651 3151 1754 3216 ejus
1783 3136 2070 3216 disciplinae

220 3232 355 3298 justa
381 3231 576 3282 utilitas.
627 3236 801 3286 Cicero
829 3239 944 3302 (pro
973 3238 1084 3301 lege
1113 3236 1279 3286 Manil.
1311 3237 1402 3297 18)
1429 3236 1472 3284 R
1486 3237 1518 3285 h
1536 3235 1858 3295 odiorum,
1897 3235 2069 3299 inquit,

229 3332 427 3379 usque
463 3314 537 3363 ad
573 3328 864 3369 nostram
902 3322 1272 3369 memoriam
1312 3319 1679 3384 disciplina
1717 3318 1982 3379 navalis
2009 3322 2072 3367 et

228 3398 442 3463 gloria
481 3403 806 3451 remansit.
860 3404 1039 3454 Strabo
1080 3421 1274 3469 quoque
1316 3402 1480 3465 (XlV,
1509 3419 1625 3469 ‚cap
1656 3402 1700 3451 2.
1729 3398 1771 3466 ξ.
1802 3404 1859 3461 5)
1898 3400 2070 3450 laudat
