2161 3673
196 228 262 275 22
922 231 1001 263 JUS
1026 223 1305 260 PUBLICUM.

1071 350 1151 399 80.

338 449 546 498 Senatus
585 442 845 510 quotannis
882 442 1125 493 mutatur,
1175 449 1234 481 ex
1277 431 1560 497 quingentis
1610 429 1727 479 viris
1767 435 2024 489 constans,

198 534 278 599 qui
305 539 415 581 sunt
440 536 598 580 aetate
627 523 884 575 senatoria.

1074 587 1155 635 81.

330 678 403 730 ‘H
427 678 585 743 βουλὴ
625 676 727 723 τῶν
765 671 1116 721 πεντακοσίων
1147 670 1245 730 μία
1281 669 1382 715 ἐστὶ
1410 665 1514 715 τῶν
1538 664 1810 731 κληρωτῶν
1837 662 2023 731 ἀρχῶν.

465 760 739 826 (Anonymi
766 774 954 820 argum.
980 754 1031 803 in
1057 753 1310 803 Demosth.
1340 769 1379 800 c.
1408 750 1698 803 Androtion.
1729 751 1885 810 588.)

1075 848 1157 895 81.

336 941 544 991 Senatus
572 937 955 1002 quingentorum
980 939 1054 981 est
1080 937 1211 980 sorte
1239 929 1393 979 lectus
1421 929 1750 994 magistratus.

1075 1035 1157 1084 82.

329 1123 394 1174 ‘0
420 1123 712 1191 βουλεύσων
742 1118 1082 1183 δοκιμάζεται.

691 1209 757 1268 (Ε
785 1205 961 1272 Lysiae
990 1210 1108 1253 orat.
1137 1202 1197 1251 de
1226 1202 1444 1251 Evandri
1471 1202 1662 1267 probat.
1691 1197 1888 1265 §.10.).

1074 1309 1155 1358 82.

339 1400 558 1460 Quilibet
586 1398 929 1465 probationem
955 1394 1087 1444 subit
1113 1410 1203 1459 pro
1231 1392 1471 1441 senatoris
1500 1392 1676 1441 officio.

1076 1499 1156 1548 83.

332 1585 424 1635 Ἐν
450 1593 553 1642 ταῖς
582 1584 901 1649 δοκιμασίαις
929 1580 1135 1632 δίκαιόν
1160 1587 1260 1630 ἐστι
1290 1579 1477 1638 παντὸς
1503 1580 1594 1629 τοῦ
1619 1582 1741 1645 βίου
1768 1580 1924 1649 λόγον
1953 1580 2030 1629 δι-

201 1669 356 1719 δόναι.
1127 1668 1327 1733 (Lysias
1355 1686 1446 1733 pro
1474 1667 1697 1716 Mantith.
1726 1663 1768 1731 ξ.
1799 1668 1887 1728 9.).

1076 1762 1158 1811 83.

338 1851 392 1898 In
420 1848 859 1914 approbationibus
887 1845 1145 1895 universae
1173 1847 1302 1895 vitae
1332 1846 1455 1895 ratio
1484 1846 1778 1912 exponenda
1805 1853 1891 1895 est.

1078 1955 1160 2003 84.

346 2035 661 2100 Κληρούνται
690 2037 735 2082 οἱ
763 2033 1032 2098 βουλεύειν
1069 2039 1349 2098 ἐφιέμενοι·
1394 2036 1562 2083 ἔπειτα
1590 2033 1787 2099 ἑκάστῳ
1813 2034 1915 2084 τῶν
1942 2038 2033 2083 λα-

192 2118 396 2180 χόντων
432 2123 593 2183 ἕτερος
631 2118 985 2185 ἐπιλαγχάνει,
1032 2121 1098 2167 ἵν’
1137 2117 1229 2168 ἐὰν
1267 2113 1294 2166 ὅ
1338 2118 1528 2182 πρῶτος
1568 2117 1743 2181 λαχών
1783 2116 2034 2167 ἀποδοκι-

195 2201 372 2265 μασθῇ
406 2197 433 2261 ἦ
460 2201 747 2265 τελευτήσῃ,
789 2199 898 2249 ἀντ’
944 2205 1147 2251 ἐκείνου
1187 2206 1383 2269 γένηται
1418 2200 1694 2265 βουλευτὴ;
1722 2197 1748 2251 ὁ
1778 2201 2036 2265 ἐπιλαχών

201 2282 353 2350 αὐτῷ.
1254 2288 1637 2353 (Ha1·pocratio:
1665 2283 1962 2348 ἐπιλαχών).

1080 2359 1162 2407 84.

342 2442 434 2501 Qui
461 2442 510 2489 in
538 2448 760 2490 senatum
789 2441 961 2490 ascisci
987 2442 1217 2507 cupiunt,
1247 2441 1541 2503 sortiuntur,
1572 2442 1745 2491 deinde
1773 2451 2035 2510 postquam

203 2524 402 2586 singulis
431 2543 535 2574 sors
563 2525 849 2585 obvenerit,
891 2525 1014 2573 alter
1041 2524 1175 2573 ducit
1205 2533 1414 2586 sortem,
1454 2534 1508 2574 ut
1533 2525 1571 2574 si
1599 2526 1733 2591 prior
1759 2528 1839 2576 vel
1864 2527 2034 2593 rejice-

204 2614 334 2654 retur
370 2606 446 2655 vel
486 2609 669 2670 obiret,
723 2608 803 2673 qui
842 2615 956 2673 post
996 2625 1109 2656 eum
1147 2608 1344 2658 sortitus
1384 2615 1458 2657 est
1496 2609 1648 2675 ipsius
1685 2610 1795 2659 loco
1837 2618 2033 2661 senator

210 2695 412 2738 creetur.

1079 2761 1159 2810 85.

350 2843 743 2903 Πρυτάνεις·
784 2841 842 2892 τὸ
883 2841 1098 2890 δέκατον
1130 2847 1280 2905 μέρος
1318 2843 1401 2903 τῆς
1440 2845 1627 2908 βουλῆς
1654 2845 1756 2895 τῶν
1783 2866 2036 2895 πεντακο-

208 2925 329 2970 σίων
346 2961 356 2979 ,
386 2923 698 2981 πεντήκοντα
726 2923 903 2991 ἄνδρες
931 2923 1030 2973 ἀπὸ
1052 2924 1173 2989 μιᾶς
1199 2926 1362 2986 φυλῆς
1379 2966 1390 2985 ,
1421 2930 1466 2975 οἱ
1497 2928 1811 2986 διοικοῦντες
1838 2926 2037 2977 ἅπαντα

208 3003 267 3052 τὰ
307 3000 409 3054 ὑπὸ
448 3005 528 3063 τῆς
568 3009 753 3070 βουλῆς
793 3007 1142 3074 πραττόμενα·
1197 3009 1566 3072 πρυτανεύουσι
1608 3011 1656 3060 δὲ
1698 3017 1759 3061 ἐκ
1798 3010 2038 3074 διαδοχῆς

208 3086 440 3147 ἀλλήλαις
468 3091 517 3136 αἱ
547 3088 666 3137 δέκα
695 3096 850 3152 φυλαὶ
877 3091 1046 3157 κλήρῳ
1075 3090 1339 3154 λαχοῦσαι.
1645 3095 1893 3157 (suidas).

1080 3202 1161 3250 85.

351 3281 590 3345 Prytanes
616 3289 729 3330 sunt
755 3284 942 3334 decima
968 3303 1081 3351 pars
1107 3292 1308 3335 senatus
1336 3286 1758 3350 Quingentorum,
1797 3286 2034 3352 quinqua-

207 3364 346 3428 ginta
373 3364 462 3415 viri
490 3381 548 3414 ex
577 3366 794 3430 qualibet
832 3369 980 3432 tribu,
1016 3370 1098 3436 qui
1127 3370 1314 3432 omnia,
1356 3387 1479 3435 quae
1507 3388 1536 3420 a
1561 3377 1736 3420 senatu
1761 3378 2028 3434 geruntur,
