2114 3642
105 256 206 304 412
736 264 1143 299 ‹toMMENTARms
1170 265 1239 298 An
1267 266 1301 298 5.

105 400 267 464 trittys
307 398 673 451 nominabatur,
701 409 859 457 genus
901 399 949 440 et
987 393 1219 458 phratria.
1272 392 1592 457 Singulorum
1633 411 1751 443 vero
1789 411 1939 458 gene-

105 500 213 530 rum
239 483 450 531 familiae
479 476 724 540 (ἑκάστου
753 477 944 532 ἔθνους
971 478 1118 542 γένη)
1147 484 1288 526 erant
1314 477 1534 541 triginta,
1564 484 1612 525 et
1638 477 1843 527 totidem
1870 477 1938 526 vi-

104 565 167 615 ris
194 572 495 623 constanteS,
541 579 665 627 quae
694 560 972 624 trigesimae
1002 556 1321 622 (τριακάδες)
1349 559 1667 609 vocabantur.

247 649 336 710 „In
375 644 580 708 singulis
619 643 850 707 gentibus
889 643 1004 692 dicit
1042 644 1254 693 tricenos
1279 643 1411 692 viros
1438 642 1614 705 fuisse3
1655 655 1703 693 et
1728 641 1939 707 singulo-

104 748 210 780 rum
235 730 447 778 virorum
473 726 712 785 familiae,
754 743 876 791 quae
915 727 1128 776 tricenae
1167 727 1217 776 in
1245 726 1449 790 singulis
1476 726 1704 791 gentibus
1732 727 1937 786 fuerunt,

103 816 164 863 ob
192 814 318 862 hunc
343 812 502 877 ipsum
528 827 783 859 numerum
810 816 925 858 sunt
949 809 1193 860 triacades
1233 809 1418 869 dictae,
1458 826 1560 859 non
1586 815 1759 874 gentes
1786 810 1938 875 ipsae,

101 896 231 961 quod
259 895 432 959 aliquis
459 911 518 944 ex
546 894 711 943 verbis
739 892 956 943 Pollucis
995 893 1071 942 vel
1111 893 1353 958 corruptis
1395 893 1474 943 vel
1512 894 1673 942 minus
1708 899 1934 944 accurate

100 979 289 1044 scriptis
317 977 621 1042 collegerit.“
675 976 980 1038 (Boeckhius
1008 977 1153 1043 Corp.
1181 977 1402 1043 inscript.
1431 994 1502 1042 gr.
1532 977 1567 1034 Ι,
1598 978 1742 1037 140.)

239 1060 505 1111 Continuat
533 1060 731 1120 Pollux,
773 1061 905 1126 quod
946 1060 1165 1126 ejusdem
1204 1060 1419 1110 familiae
1453 1077 1539 1109 seu
1568 1060 1762 1124 generis
1788 1060 1936 1125 parti-

99 1145 256 1209 cipes,
292 1144 505 1210 Cognati
534 1141 794 1210 (γενῆται)
822 1143 1225 1210 Collactaneique
1266 1136 1672 1210 (ὃμογάλακτες)
1700 1143 1937 1193 nominati

96 1227 289 1288 fuerint,
319 1245 415 1276 non
443 1228 640 1294 quidem
667 1234 873 1294 propter
898 1227 1263 1291 cognationem,
1292 1228 1378 1277 sed
1405 1235 1611 1294 propter
1625 1232 1937 1277 conventum.

239 1310 387 1360 Teste
415 1311 613 1360 Polluce
641 1311 807 1372 (VIII,
828 1310 956 1370 109)
985 1310 1140 1360 tribus
1168 1311 1364 1376 quidem
1391 1327 1544 1377 usque
1573 1311 1637 1360 ad
1664 1309 1935 1374 Cecropem

96 1402 326 1459 quattuor
353 1395 576 1444 fuerunt:
617 1395 877 1460 Cecropis,
922 1394 1263 1457 Autochthon,
1306 1395 1515 1456 Actaea,
1559 1393 1766 1444 Paralia.
1818 1393 1938 1442 Post

97 1478 346 1527 Cranaum
385 1496 503 1528 vero
543 1478 891 1528 adnominatae
931 1486 1082 1527 sunt:
1137 1478 1367 1539 Cranais,
1409 1477 1598 1540 Atthis,
1643 1478 1934 1541 Mesogaea,

95 1562 298 1611 Diacris.
355 1562 451 1612 Sed
479 1570 589 1628 post
617 1561 1018 1611 Erichthonium:
1058 1562 1205 1623 Dias,
1234 1562 1480 1621 Palladia,
1511 1561 1790 1628 Neptunia,
1819 1559 1934 1608 Vul-

95 1645 247 1695 cania.
301 1645 484 1695 Verum
524 1645 585 1695 ab
612 1645 743 1695 Ionis
783 1645 977 1694 liberis:
1017 1645 1310 1707 Teleontes,
1350 1646 1609 1713 Hoplitae‚
1650 1643 1933 1708 Aegicores‚

95 1728 330 1794 Ergades.
1575 1725 1579 1728 ’

237 1812 385 1862 Teste
413 1812 680 1862 Plutarcho
721 1812 963 1874 (Solon.
995 1813 1090 1875 23)
1129 1820 1293 1863 autem
1334 1821 1447 1863 sunt
1474 1814 1555 1878 qui
1584 1812 1748 1861 dicant
1774 1812 1933 1861 tribus

93 1914 192 1944 non
221 1896 282 1944 ab
310 1897 445 1945 Ionis
485 1896 619 1957 filiis,
662 1895 746 1945 sed
784 1914 813 1945 a
851 1898 1115 1961 generibus
1157 1898 1306 1959 vitae,
1347 1898 1397 1946 in
1437 1914 1561 1963 quae
1590 1895 1835 1962 principio
1862 1894 1931 1943 di-

93 1981 299 2028 stinctae
327 1985 489 2040 erant,
531 1979 732 2028 nomina
759 1980 969 2040 habere,
1010 1979 1195 2029 scilicet
1233 1980 1493 2030 bellatores
1521 1980 1582 2029 ab
1610 1980 1754 2029 armis
1781 1972 1934 2027 ὁπλί-

93 2079 207 2118 τας,
250 2063 497 2128 operarios
523 2064 586 2112 ab
616 2064 778 2129 operis
813 2062 1066 2129 ἑργάδεις,
1109 2064 1319 2130 reliquas
1346 2062 1464 2113 duas
1492 2064 1696 2114 alteram
1721 2064 1782 2114 ab
1810 2064 1933 2127 agri-

93 2146 281 2195 cultura
306 2143 587 2211 γεδέοντας,
609 2146 811 2196 alteram
833 2165 862 2196 a
888 2147 1147 2213 pecoribus
1175 2146 1433 2213 pascendis
1460 2148 1738 2213 αἰγικορεῖς
1764 2148 1931 2196 dictas.

235 2240 412 2290 Strabo
454 2242 619 2303 (VIII,
650 2243 695 2303 7,
728 2242 769 2290 1.
798 2261 846 2307 p.
874 2243 1003 2303 383)
1038 2243 1165 2292 hanc
1196 2243 1485 2293 divisionem
1513 2261 1541 2291 a
1567 2243 1833 2307 generibus
1861 2243 1930 2291 vi·

92 2333 169 2373 tae
201 2326 307 2390 jam
342 2326 448 2374 Ioni
487 2326 687 2384 tribuit,
731 2326 897 2375 dicens
938 2345 1049 2375 eum
1077 2327 1405 2377 Athenienses
1431 2327 1479 2375 in
1507 2334 1735 2392 quattuor
1760 2326 1931 2385 tribus,

93 2408 269 2457 deinde
307 2409 356 2456 in
397 2408 601 2458 totidem
639 2409 841 2458 vivendi
868 2427 1056 2473 genera
1083 2410 1332 2472 divisisse,
1374 2411 1629 2459 nimirum:
1670 2408 1930 2474 Agricolas

95 2489 426 2557 (γεωργούς),
468 2493 683 2558 Opifices
711 2490 1132 2560 (δημιουργούς),
1173 2494 1461 2545 Sacerdotes
1503 2489 1842 2557 (ἱεροποιούς)
1883 2502 1931 2543 et

93 2573 332 2625 Custodes
361 2571 672 2637 (φύλακας).
720 2577 783 2626 Hi
809 2576 965 2626 ultimi
992 2586 1156 2628 autem
1183 2585 1313 2628 certe
1340 2579 1459 2629 nihil
1486 2578 1617 2628 aliud
1644 2586 1758 2628 sunt
1785 2595 1928 2643 quam

95 2649 309 2708 ὁπλῖται.

234 2744 536 2793 Dicaearcho
575 2752 725 2806 teste,
767 2754 957 2811 patra
996 2743 1211 2808 (πάτρα)
1250 2747 1475 2810 designat
1514 2764 1662 2795 unum
1705 2764 1729 2795 c
1770 2747 1928 2795 tribus

93 2826 223 2889 apud
251 2826 466 2877 Graecos
493 2830 740 2878 societatis
766 2830 1045 2893 generibus,
1072 2847 1276 2895 quorum
1303 2832 1504 2880 nomina
1530 2838 1695 2879 erant:
1722 2847 1798 2896 pa
1815 2837 1925 2891 tra,

93 2908 414 2973 phratria,
456 2912 670 2961 tribus
711 2909 919 2972 (φυλή).
972 2912 1045 2962 Ac
1084 2922 1275 2978 patra
1317 2915 1513 2979 quidem
1553 2915 1707 2963 oritur
1740 2914 1823 2962 ubi
1852 2932 1924 2963 so-

93 2993 269 3051 cietas,
311 3010 433 3056 quae
472 3003 618 3045 antea
649 2997 698 3044 in
727 2996 829 3045 solo
857 2997 1088 3061 conjugio
1117 2997 1324 3060 singulis
1351 2997 1624 3063 quibusque
1652 3004 1776 3057 erat,
1816 3015 1925 3063 pro·

95 3075 270 3124 creatis
298 3076 462 3125 liberis
491 3080 551 3127 ad
579 3081 846 3129 secundum
885 3080 1091 3144 gradum
1130 3082 1385 3145 pervenit3
1424 3098 1606 3130 nomen
1634 3098 1750 3129 vero
1777 3080 1924 3130 habet
1989 3131 1993 3134 .

94 3159 154 3207 ab
195 3175 252 3206 eo
293 3159 371 3222 qui
411 3159 459 3205 in
499 3171 645 3222 gente
681 3171 799 3212 natu
838 3165 1075 3213 maximus
1115 3164 1353 3229 simulque
1405 3165 1771 3230 potentissimus
1823 3172 1920 3224 est,

94 3241 504 3307 quemadmodum
538 3243 769 3295 Aeacidas
797 3247 875 3295 vel
903 3247 1165 3313 Pelopidas
1198 3248 1373 3313 aliquis
1414 3248 1603 3297 dixerit.
1656 3247 1924 3296 Phatria

96 3333 258 3373 autem
298 3326 400 3373 sive
440 3325 555 3390 phr
574 3329 737 3376 atria
778 3331 857 3389 fit,
902 3332 983 3379 ubi
1013 3333 1119 3395 quis
1146 3332 1194 3379 in
1223 3331 1367 3380 aliam
1393 3339 1583 3397 patram
1610 3331 1758 3379 filiam
1785 3348 1920 3379 suam

92 3408 402 3458 matrimonio
428 3408 626 3458 inducit.
678 3410 807 3461 Tum
846 3414 976 3464 enim
1016 3433 1114 3465 non
1151 3416 1360 3482 amplius
1399 3432 1515 3464 suae
1542 3421 1710 3480 patrae
1739 3414 1917 3464 sacrifi·
