2114 3642
61 168 166 217 632
653 174 1060 213 COMMENTARIUS
1088 172 1157 204 Ao
1188 166 1291 203 1508.

64 311 104 361 si
130 327 304 361 usuras
329 309 634 375 exegissent,
669 306 728 355 de
753 303 828 352 his
853 299 1116 351 reddendis
1143 315 1230 365 per
1256 314 1431 348 manus
1456 296 1772 363 injectionem
1797 309 1905 345 cum

65 395 134 445 eis
159 401 405 461 ageretur.
447 393 523 456 (G
538 411 566 443 a
574 393 625 459 ji
652 388 869 440 Instit.
897 384 985 447 IV,
1013 386 1124 444 23.)

825 526 926 580 Ad
950 526 1140 580 15o8.

208 642 553 709 Harpocratio:
579 632 654 686 ”A
670 653 739 685 στ
754 656 862 684 ικτ
878 655 905 683 ο
922 655 952 684 ν
971 653 1013 698 χ
1028 656 1065 682 ω
1080 654 1107 699 ρ
1124 637 1142 683 ί
1158 655 1185 684 ο
1203 655 1231 684 ν
1256 634 1314 684 τὸ
1337 634 1409 700 μή
1439 631 1790 701 ὑποκείμενον
1818 634 1910 684 δα-

65 727 259 791 νειστῇ·
299 721 426 773 ὅταν
450 719 549 790 γάρ
575 716 885 780 ὑποκέηται,
926 719 1115 768 εἴωθεν
1152 714 1180 768 ὁ
1222 718 1454 777 δανείσας
1482 717 1610 768 αὐτὸ
1639 717 1795 768 τοῦτο
1824 718 1912 779 δη*

65 809 197 861 λοῦν
222 805 305 857 διά
331 803 648 874 γραμμάτων
679 803 910 855 ἐπόντων
947 803 1018 869 τῷ
1046 805 1252 870 χωρίῳ·
1292 802 1351 853 τὸ
1380 803 1425 852 δ’
1454 802 1584 853 αὐτὸ
1610 806 1702 852 καὶ
1729 808 1804 853 ἐπ’
1833 806 1915 852 οἰ-

65 897 183 950 κίας
227 893 439 960 γίνεται.
491 891 701 958 (Ager
749 891 1070 941 creditori
1114 907 1237 940 non
1275 890 1629 951 obnoxiu83
1680 907 1796 940 nam
1834 890 1917 955 qui

68 977 312 1030 obnoxius
340 983 471 1039 erat,
511 993 602 1043 per
632 976 890 1043 impositas
919 976 1281 1042 inscriptasque
1307 974 1594 1024 columellas
1621 991 1651 1023 a
1675 973 1918 1024 creditore

67 1062 430 1128 designabatur.
481 1060 718 1126 Idemque
744 1061 795 1109 in
829 1059 1034 1110 aedibus
1061 1059 1167 1108 fieri
1193 1058 1425 1119 solebat.)

213 1144 391 1194 Pollux
406 1145 599 1206 111,85:
628 1144 890 1194 Terminus
917 1138 1088 1207 (ὅρος)
1117 1151 1222 1193 erat
1247 1142 1375 1208 lapis
1402 1149 1486 1192 aut
1512 1142 1743 1191 columna
1769 1158 1915 1206 quae-

66 1230 181 1280 dam
209 1228 503 1291 ostendens,
545 1227 678 1293 quod
717 1227 856 1277 locus
896 1234 1024 1277 esset
1061 1243 1175 1277 aere
1203 1227 1363 1276 alieno
1393 1226 1672 1276 obstrictus.
1723 1227 1798 1274 De
1825 1225 1920 1275 hoc

67 1320 231 1364 autem
272 1312 506 1362 dicebant
543 1312 727 1360 locus
766 1311 1076 1375 signatus
1115 1318 1214 1360 est
1253 1309 1527 1371 (ἐστίχθαι
1565 1305 1623 1356 τὸ
1656 1308 1920 1372 χωρίον);

68 1405 122 1446 ut
147 1395 445 1448 contrarium
484 1395 590 1461 ejus
629 1402 730 1457 est,
770 1412 894 1444 non
933 1396 1240 1459 signatus
1280 1387 1597 1456 (ἄστικτον).
1647 1395 1807 1444 Locus
1835 1412 1918 1443 au-

69 1489 170 1531 tem
196 1497 309 1530 aere
336 1480 498 1530 alieno
526 1480 789 1529 obstrictus
817 1479 965 1529 etiam
992 1480 1353 1545 oppignoratus
1382 1471 1704 1541 (ὖπόβολον)
1732 1477 1920 1527 dicitur.

214 1563 289 1615 Cf.
329 1562 493 1614 Schol.
532 1563 584 1612 in
623 1562 878 1615 Demosth.
919 1560 1176 1627 Aristogit.
1218 1561 1335 1624 791,
1369 1562 1445 1612 11.
1497 1561 1681 1612 Lexica
1719 1560 1921 1626 Seguer.

70 1670 119 1718 p.
146 1650 264 1699 285.

213 1730 527 1799 Exempla
553 1730 849 1780 termini:
883 1724 1002 1777 Ἐπὶ
1035 1725 1365 1793 Θεοφράστου
1392 1724 1644 1793 ἄρχοντος
1672 1725 1788 1794 ὅρος
1808 1746 1920 1791 χω-

73 1818 188 1882 ρίου
226 1814 370 1879 τιμῆς
409 1815 797 1875 ἐνοφειλομένης
837 1809 1184 1877 Φανοστράτῳ
1212 1815 1461 1861 Παιανιεῖ
1481 1817 1593 1863 ΧΧ
1627 1814 1702 1876 (id
1730 1821 1803 1863 est
1842 1810 1920 1860 δι-

74 1902 287 1963 σχιλίων
314 1895 602 1963 δραχμῶν).

218 1985 312 2035 Hic
349 1983 591 2033 terminus
630 1982 819 2048 positus
854 1989 928 2032 est
955 1983 1018 2033 ob
1046 1983 1256 2048 pretium
1286 1984 1424 2034 fundi
1453 1983 1604 2050 empti
1630 1999 1731 2032 non
1758 1999 1922 2032 nume-

76 2078 261 2131 ratum,
301 2067 387 2118 sed
428 2066 647 2118 debitum
686 2066 756 2126 ei,
794 2084 824 2115 a
861 2085 958 2132 quo
999 2074 1189 2134 emptus
1230 2075 1360 2129 erat,
1384 2068 1730 2118 -Phanostrato
1770 2067 1921 2115 Paea-

75 2155 248 2204 niensi.
287 2151 638 2214 (Boeckhii
678 2167 845 2217 corp.
885 2151 1077 2201 inscr.
1116 2169 1200 2216 gr.
1242 2153 1277 2202 Ι.
1319 2153 1403 2202 Nr.
1433 2152 1578 2212 530.)

207 2232 365 2300 ’Ὀρος
405 2234 577 2289 οἰκίας
617 2235 927 2297 πεπραμένης
974 2235 1054 2281 ἐπὶ
1106 2231 1246 2282 λύσει
1291 2235 1648 2283 πεντακοσίων,
1686 2231 1928 2297 δραχμῶν

71 2317 374 2385 Ἀρχεδήμῳ
413 2319 627 2385 Αἰγιλεῖ.

218 2404 458 2464 Debitor,
498 2403 580 2468 qui
621 2403 724 2450 500
761 2402 1019 2452 drachmas
1059 2403 1277 2452 debebat
1315 2402 1652 2464 Archedemo,
1704 2403 1928 2452 vendidit

81 2490 194 2539 huic
233 2488 432 2538 domum
473 2505 531 2537 ea
556 2487 867 2548 conditione,
910 2495 963 2535 ut
989 2487 1192 2536 redditis
1222 2488 1324 2535 500
1351 2487 1625 2547 drachmis,
1666 2488 1928 2538 redimeret

82 2591 219 2622 suam
246 2572 460 2621 domum.
504 2570 717 2631 (Ross:
758 2571 851 2620 Die
879 2572 1073 2637 Demen
1102 2588 1200 2618 von
1228 2569 1413 2620 Attika.
1443 2573 1527 2621 Nr.
1558 2572 1666 2632 33.)

212 2649 369 2717 ‘'Oqog
389 2654 591 2717 χωρίου
618 2655 708 2700 καὶ
745 2642 943 2709 οἰκίας,
985 2649 1283 2715 ἀποτίμημα
1310 2651 1450 2701 παιδὶ
1480 2650 1693 2718 ὀρφανῷ
1723 2656 1926 2722 Διογεί-

84 2756 232 2792 τονος
260 2737 635 2801 Προβαλισίου.

229 2822 418 2887 Aliquis
457 2840 607 2888 quum
645 2823 777 2872 bona
805 2822 891 2871 filii
930 2823 1037 2872 orbi
1063 2823 1348 2888 Diogitonis
1376 2822 1437 2872 ab
1465 2822 1700 2872 archonte
1728 2830 1775 2872 et
1800 2830 1926 2872 tuto-

86 2906 219 2957 ribus
247 2904 566 2967 conduceret,
607 2907 864 2972 praedium
906 2923 1017 2956 cum
1044 2907 1189 2956 domo
1217 2925 1305 2972 pro
1334 2907 1479 2956 bonis
1507 2906 1759 2957 conductis
1787 2908 1926 2974 oppi-

87 2988 329 3057 gneravit.
369 2990 672 3049 (Boeckh.
707 3008 874 3057 corp.
901 2991 1095 3040 inscr.
1125 2991 1162 3040 I.
1191 2991 1275 3039 Nr.
1308 2990 1453 3051 531.)

219 3078 377 3145 ‘'Oqog
405 3084 573 3138 οἰκίας
600 3087 690 3131 καὶ
717 3081 887 3143 κήπου
918 3081 1359 3148 άποτετιμημὲνων
1385 3086 1558 3148 προικὶ
1585 3082 1647 3146 τῇ
1667 3081 1928 3149 Διοδώρου

92 3169 311 3236 θυγατρὶ
340 3166 699 3230 Καλλιστράτῃ.
741 3171 837 3232 Qui
865 3170 1066 3221 Diodori
1094 3172 1246 3220 filiam
1273 3170 1410 3220 duxit
1429 3171 1480 3219 in
1503 3187 1708 3220 uxorem
1734 3188 1823 3235 pro
1851 3189 1927 3221 ac-

90 3260 237 3320 cepta
263 3252 376 3302 dote
406 3251 752 3316 oppigneravit
790 3255 998 3305 fundum
1025 3263 1072 3304 et
1098 3255 1305 3305 hortum.
1360 3256 1571 3316 (Rossz
1611 3254 1828 3322 inscript.
1855 3272 1926 3320 gr.

89 3338 257 3389 inedit.
284 3337 400 3386 fasc.
426 3334 488 3394 II,
518 3352 562 3399 p.
594 3335 700 3394 32.)
